2167 3609
96 381 127 429 L.
137 379 171 439 ι]
392 375 436 422 nn
454 374 599 423 oeneus.
894 360 928 420 11

94 522 194 581 officio
209 520 307 579 futura
319 531 373 594 est,
389 533 455 580 ante
468 522 598 595 definire,
608 521 678 598 quid
691 520 728 578 sit
741 520 884 593 officium3

96 620 176 693 quod
188 638 205 676 e
218 618 349 676 Panaetio
359 620 581 696 pretermissum
592 638 654 676 esse
665 619 751 678 miror
764 639 770 675 :
792 618 886 676 omnis

97 716 187 787 enim,
202 735 265 791 quae
288 736 305 772 a
324 716 437 773 ratione
457 716 612 790 suscipitur
628 717 665 774 de
680 715 774 791 aliqud
788 733 828 786 re,
844 714 886 771 in·

8 799 11 822 ¹
97 812 220 884 stitutio,
247 812 333 869 debet
356 812 554 869 edefmitione
574 813 737 887 proficisci3
759 821 791 870 ut
804 811 886 869 intel·

97 907 214 984 ligatur,
228 907 297 983 quid
310 907 349 964 sit
362 907 401 978 id,
416 908 452 964 de
466 925 524 982 quo
538 907 706 983 disputetur.
898 913 916 962 5

138 1098 194 1157 HI.
220 1100 324 1158 Omnis
351 1102 388 1158 de
414 1101 510 1159 offleio
544 1099 650 1175 duplex
682 1110 726 1157 est
758 1103 885 1176 questio.

98 1194 195 1255 Unum
215 1216 307 1274 genus
327 1208 380 1270 est,
396 1199 473 1272 quod
492 1198 615 1273 pertinet
636 1198 672 1256 ed
692 1198 779 1255 finem
800 1199 887 1255 bono·

96 1312 178 1364 rum3
209 1294 338 1366 alterum,
361 1295 437 1368 quod
460 1294 584 1370 positum
605 1304 648 1351 est
672 1294 702 1351 in
723 1294 884 1371 praeoeptiq

96 1390 203 1466 quibus
225 1389 255 1446 in
282 1408 382 1447 omnes
407 1400 501 1466 partes
528 1409 598 1447 usus
622 1391 686 1448 vite
710 1391 884 1449 conformari

96 1487 195 1564 possit.
238 1486 401 1561 Superioris
428 1487 542 1562 generis
569 1487 732 1562 hujusmodi
756 1488 885 1564 exempla
899 1491 930 1542 10

96 1592 179 1640 sunt:
202 1582 348 1640 Omniane
367 1583 462 1641 offioia
481 1583 610 1659 perfecta
629 1584 705 1641 sintl
725 1603 795 1641 num
809 1585 884 1660 quod

96 1679 226 1736 officium
237 1679 315 1736 aliud
327 1680 382 1738 alio
393 1681 485 1756 majus
499 1681 557 1737 sitt
578 1691 607 1737 et
617 1700 680 1755 quae
694 1691 760 1738 sunt
771 1682 884 1758 generis

95 1775 234 1850 ejusdem.
274 1775 409 1837 Quorum
437 1787 530 1834 autem
559 1778 718 1835 officiorum
740 1788 885 1854 praeoepto

95 1871 258 1943 traduntur,
272 1891 308 1929 ee
327 1891 489 1948 quanquam
511 1874 657 1949 pertinent
677 1874 713 1931 ud
733 1873 820 1930 finem
834 1874 883 1930 bo-

96 1986 210 2039 norum,
225 1978 322 2025 tamen
344 1969 373 2025 id
393 1969 487 2027 minus
510 1981 635 2046 apparet,
650 1970 718 2045 quie
737 1969 829 2045 magis
848 1970 883 2027 ad
898 1979 930 2028 15

97 2062 308 2122 institutionem
322 2065 385 2122 vitae
400 2067 563 2123 eommunis
583 2076 713 2141 spectare
733 2066 882 2125 videntur:

96 2159 134 2217 de
148 2161 250 2236 quibus
264 2170 308 2218 est
321 2163 404 2219 nobis
418 2162 463 2219 his
476 2162 558 2219 libris
572 2162 782 2236 explicandum.

135 2256 233 2331 Atque
247 2257 334 2313 etiem
349 2258 405 2314 alia
414 2257 517 2314 divisio
528 2266 571 2312 est
581 2256 685 2337 officii:
702 2275 769 2312 nam
783 2265 812 2311 et
825 2274 884 2321 rne-

95 2353 173 2410 dium
199 2354 342 2428 quoddam
369 2354 495 2411 offioium
519 2351 635 2422 dieitur,
658 2361 687 2407 et
713 2351 881 2426 perfeetum.

8 2469 16 2492 ¹
94 2448 260 2508 Perfectum
287 2448 422 2521 officium,
450 2459 572 2520 rectum,
599 2448 709 2523 opinor,
737 2467 881 2522 vocemus,
896 2453 928 2503 20

94 2546 169 2621 quod
197 2544 294 2602 Graeoi
318 2545 499 2618 Κατόρθωμα,
522 2545 579 2601 hoe
607 2555 702 2602 autem
729 2565 882 2604 commune

93 2625 227 2713 Kathuov
255 2650 368 2699 vocant.
410 2634 506 2716 Atque
533 2661 569 2699 ea
594 2642 638 2699 sie
665 2642 814 2714 deliniunt,
839 2653 880 2715 ut,

93 2746 204 2795 reolum
219 2738 297 2817 quod
314 2738 360 2809 sit,
376 2737 405 2794 id
424 2738 583 2813 perfeetum
604 2738 730 2796 officium
751 2757 814 2796 esse
834 2740 882 2796 de·

68 2905 71 2910 ¹
93 2829 211 2902 finiant;
233 2833 361 2890 medium
378 2842 472 2890 autem
493 2834 621 2891 officium
642 2834 672 2891 id
694 2854 757 2891 esse
771 2835 879 2907 dicant,
942 2879 957 2910 ,

93 2928 168 3003 quod
184 2947 236 2985 our
251 2928 361 2985 suetum
374 2928 420 2998 sit,
435 2929 507 2986 ratio
521 2929 677 3005 probabilis
687 2930 768 2986 reddi
782 2932 879 3005 possit.
894 2932 926 2981 25

132 3022 255 3100 Triplex
268 3023 355 3100 igitur
370 3034 422 3095 est,
437 3034 469 3081 ut
489 3024 617 3081 Panaetio
631 3024 751 3095 videtur,
767 3025 880 3084 consilii

93 3120 228 3197 capiendi
249 3119 435 3180 deliberatio:
457 3138 534 3192 nam,
549 3122 738 3178 honestumne
752 3120 830 3178 factu
844 3120 881 3175 sit
