2167 3609
106 363 200 422 nm]
398 362 441 408 m:
464 361 610 408 onereris.
887 346 944 405 191

106 511 187 573 Quis
205 511 269 569 haec
287 519 375 588 neget
395 529 459 569 esse
472 510 574 567 utilial
595 507 664 584 quid
677 507 799 566 censesl
819 523 898 582 mag·

106 607 211 665 nitudo
225 607 313 665 animi
327 617 356 664 et
370 607 507 664 fortitudo
519 615 615 683 negat

146 799 277 857 XXVII.
299 799 379 857 Num
399 799 602 876 locupletiores
623 798 726 873 queris
745 800 897 856 auctoresl

107 895 222 953 Harum
236 896 313 954 enim
327 907 370 953 est
383 896 520 954 virtutum
539 895 696 972 proprium,
710 894 750 952 nil
767 895 899 952 extimes·

107 1012 185 1064 cere,
213 993 313 1050 omnia
344 993 469 1050 humana
503 993 668 1067 despicere,
703 991 786 1062 nihil,
820 991 928 1065 quode

107 1089 220 1147 homini
254 1090 388 1148 accidere
420 1089 520 1164 possit,
549 1088 760 1146 intolerandum
787 1097 896 1163 putare.

106 1185 209 1262 ltaque
229 1185 297 1261 quid
319 1185 408 1244 secitl
448 1185 483 1242 In
501 1197 632 1242 senatum
647 1184 741 1241 venit:
763 1182 898 1241 mandata

106 1282 255 1360 exposuit:
296 1282 469 1340 sententiam
505 1301 543 1339 ne
580 1281 698 1352 diceret,
736 1280 895 1337 recusavit:

105 1380 245 1454 quamdiu
275 1379 461 1456 jurejurando
494 1379 621 1436 hostium
654 1387 810 1449 teneretur,
837 1396 897 1435 non

105 1495 170 1533 esse
190 1494 222 1533 se
242 1485 412 1533 senatorem.
455 1475 553 1549 Atque
574 1474 645 1531 illud
665 1474 752 1531 etiam
778 1473 809 1550 (o
830 1475 942 1531 stul-1⁰

104 1582 168 1629 tum
182 1572 339 1643 hominem,
354 1571 458 1629 dixerit
478 1570 629 1646 quispiam
644 1580 673 1627 et
689 1581 897 1646 repugnantem

104 1669 224 1725 utilitati
244 1687 303 1725 snae
313 1669 335 1747 l)
351 1668 432 1724 reddi
451 1667 587 1742 captivos,
602 1666 717 1744 negavit
731 1686 794 1723 esse
809 1666 896 1724 utile:

104 1765 174 1821 illos
192 1764 270 1822 enim
291 1764 488 1822 adolescentes
508 1783 581 1834 esse,
596 1775 625 1821 et
641 1765 731 1821 bonos
752 1763 851 1836 duces,
866 1782 897 1821 se

100 1862 164 1937 jam
184 1861 349 1918 consectum
370 1870 527 1917 senectute.
570 1860 662 1936 Cujus
681 1879 748 1917 cum
762 1860 898 1917 valuisset

105 1957 272 2029 auctoritas,
294 1956 400 2033 captivi
421 1956 526 2013 retenti
548 1967 631 2014 sunt:
659 1956 720 2032 ipse
747 1956 898 2033 Carthagi·
911 1965 942 2013 15

103 2072 173 2112 nem
193 2053 293 2125 rediit3
323 2072 416 2129 neque
436 2072 503 2110 eum
524 2054 628 2110 caritas
648 2052 747 2128 patriae
767 2053 895 2124 retinuit,

103 2168 162 2207 nec
182 2168 307 2207 suorum.
349 2150 455 2224 Neque
470 2168 537 2207 vero
556 2159 617 2205 tum
638 2149 799 2225 ignorabat,
814 2168 845 2206 se
860 2149 896 2206 ad

105 2246 337 2304 crudelissimum
357 2247 481 2315 hostem,
495 2255 524 2301 ct
539 2246 575 2302 ad
588 2244 731 2319 exquisita
744 2244 896 2320 supplicia,

104 2342 265 2419 proficisci:
289 2344 339 2401 sed
357 2343 559 2419 jusjurandum
573 2340 802 2399 conservandum
815 2350 896 2417 puta·
930 2392 933 2401 .

105 2440 162 2497 bat.
205 2439 306 2514 Itaque
320 2451 392 2510 tum,
407 2457 474 2496 cum
488 2437 634 2514 vigilando
654 2438 820 2509 necabatur,
835 2447 896 2495 erat
909 2446 941 2496 20

105 2534 136 2592 in
157 2535 276 2593 meliore
296 2534 395 2606 causi,
410 2554 495 2610 quam
510 2535 535 2591 si
549 2534 626 2591 domi
647 2552 735 2590 senex
756 2533 895 2609 captivus,

102 2631 236 2707 perjurus
256 2631 426 2702 consularis,
442 2630 634 2687 remansisset.
675 2630 716 2686 At
735 2628 831 2700 stulte,
847 2630 896 2704 qui

102 2746 163 2786 non
187 2727 273 2785 modo
295 2747 353 2786 nou
378 2727 524 2785 censuerit
549 2726 677 2803 captivos
698 2725 895 2797 remittendos,

102 2842 204 2880 verum
237 2824 324 2881 etiam
359 2823 533 2881 dissuaserit.
597 2822 756 2884 Quomodo
789 2821 895 2879 stultel

103 2920 241 2991 etiamne,
279 2921 303 2977 si
340 2920 507 2996 reipublioae
545 2920 746 2978 conducebatl
796 2918 940 2984 Potestas

103 3026 211 3089 autem,
233 3017 310 3093 quod
331 3017 431 3076 inutile
454 3017 620 3094 reipublicae
642 3016 688 3089 sit,
710 3015 740 3074 id
759 3016 895 3092 cuiquam

102 3113 161 3173 civi
175 3114 247 3175 utile
260 3116 343 3172 esset
