<?xml version="1.0" encoding="UTF-8"?>
<!DOCTYPE html PUBLIC "-//W3C//DTD XHTML 1.0 Transitional//EN"
    "http://www.w3.org/TR/xhtml1/DTD/xhtml1-transitional.dtd">
<html xmlns="http://www.w3.org/1999/xhtml" xml:lang="en" lang="en">
 <head>
  <title>
</title>
<meta http-equiv="Content-Type" content="text/html;charset=utf-8" />
  <meta name='ocr-system' content='tesseract 3.04.00' />
  <meta name='ocr-capabilities' content='ocr_page ocr_carea ocr_par ocr_line ocrx_word'/>
</head>
<body>
  <div class='ocr_page' id='page_1' title='image "./mtciceronisdeof01dillgoog/mtciceronisdeof01dillgoog_0184.png"; bbox 0 0 2167 3609; ppageno 0'>
   <div class='ocr_carea' id='block_1_1' title="bbox 171 353 997 420">
    <p class='ocr_par' dir='ltr' id='par_1_1' title="bbox 171 353 997 420">
     <span class='ocr_line' id='line_1_1' title="bbox 171 353 997 420; baseline -0.007 -9"><span class='ocrx_word' id='word_1_1' title='bbox 171 353 227 411; x_wconf 71' lang='lat' dir='ltr'>lte</span> <span class='ocrx_word' id='word_1_2' title='bbox 498 363 541 410; x_wconf 85' lang='lat' dir='ltr'>ns</span> <span class='ocrx_word' id='word_1_3' title='bbox 563 362 706 410; x_wconf 80' lang='lat' dir='ltr'>orarcrrs.</span> <span class='ocrx_word' id='word_1_4' title='bbox 904 360 997 420; x_wconf 76' lang='lat' dir='ltr'>[nm.</span> 
     </span>
    </p>
   </div>
   <div class='ocr_carea' id='block_1_2' title="bbox 167 509 1075 3170">
    <p class='ocr_par' dir='ltr' id='par_1_2' title="bbox 167 509 1075 3170">
     <span class='ocr_line' id='line_1_2' title="bbox 213 509 995 590; baseline -0.004 -22"><span class='ocrx_word' id='word_1_5' title='bbox 213 510 285 568; x_wconf 90' lang='lat' dir='ltr'>situs</span> <span class='ocrx_word' id='word_1_6' title='bbox 305 511 417 588; x_wconf 69' lang='lat' dir='ltr'>injuria.</span> <span class='ocrx_word' id='word_1_7' title='bbox 457 513 539 574; x_wconf 80' lang='lat' dir='ltr'>Quid</span> <span class='ocrx_word' id='word_1_8' title='bbox 561 515 649 590; x_wconf 81' lang='lat' dir='ltr'>ergol</span> <span class='ocrx_word' id='word_1_9' title='bbox 671 513 718 569; x_wconf 91' lang='lat' dir='ltr'>hio</span> <span class='ocrx_word' id='word_1_10' title='bbox 739 530 797 568; x_wconf 92' lang='lat' dir='ltr'>non</span> <span class='ocrx_word' id='word_1_11' title='bbox 817 520 932 579; x_wconf 87' lang='lat' dir='ltr'>noceat,</span> <span class='ocrx_word' id='word_1_12' title='bbox 948 509 995 583; x_wconf 92' lang='lat' dir='ltr'>qui</span> 
     </span>
     <span class='ocr_line' id='line_1_3' title="bbox 213 606 996 684; baseline -0.001 -21"><span class='ocrx_word' id='word_1_13' title='bbox 213 607 337 682; x_wconf 89' lang='lat' dir='ltr'>quodam</span> <span class='ocrx_word' id='word_1_14' title='bbox 357 609 437 682; x_wconf 90' lang='lat' dir='ltr'>quasi</span> <span class='ocrx_word' id='word_1_15' title='bbox 452 628 562 666; x_wconf 89' lang='lat' dir='ltr'>veneno</span> <span class='ocrx_word' id='word_1_16' title='bbox 575 610 712 684; x_wconf 86' lang='lat' dir='ltr'>perficiat,</span> <span class='ocrx_word' id='word_1_17' title='bbox 727 619 757 664; x_wconf 91' lang='lat' dir='ltr'>ut</span> <span class='ocrx_word' id='word_1_18' title='bbox 771 626 852 663; x_wconf 87' lang='lat' dir='ltr'>veros</span> <span class='ocrx_word' id='word_1_19' title='bbox 867 606 996 663; x_wconf 79' lang='lat' dir='ltr'>haeredes</span> 
     </span>
     <span class='ocr_line' id='line_1_4' title="bbox 213 702 1075 782; baseline -0.005 -20"><span class='ocrx_word' id='word_1_20' title='bbox 213 715 336 776; x_wconf 83' lang='lat' dir='ltr'>moveat,</span> <span class='ocrx_word' id='word_1_21' title='bbox 358 705 388 761; x_wconf 90' lang='lat' dir='ltr'>in</span> <span class='ocrx_word' id='word_1_22' title='bbox 408 722 505 762; x_wconf 90' lang='lat' dir='ltr'>eorum</span> <span class='ocrx_word' id='word_1_23' title='bbox 526 705 621 761; x_wconf 91' lang='lat' dir='ltr'>locum</span> <span class='ocrx_word' id='word_1_24' title='bbox 644 706 704 780; x_wconf 90' lang='lat' dir='ltr'>ipse</span> <span class='ocrx_word' id='word_1_25' title='bbox 724 704 880 760; x_wconf 86' lang='lat' dir='ltr'>succedatl</span> <span class='ocrx_word' id='word_1_26' title='bbox 925 702 996 759; x_wconf 91' lang='lat' dir='ltr'>Non</span> <span class='ocrx_word' id='word_1_27' title='bbox 1069 771 1075 782; x_wconf 24' lang='lat'>&lt;</span> 
     </span>
     <span class='ocr_line' id='line_1_5' title="bbox 213 789 1075 879; baseline -0.005 -21"><span class='ocrx_word' id='word_1_28' title='bbox 213 799 300 877; x_wconf 86' lang='lat' dir='ltr'>igitur</span> <span class='ocrx_word' id='word_1_29' title='bbox 321 801 417 872; x_wconf 84' lang='lat' dir='ltr'>faciat,</span> <span class='ocrx_word' id='word_1_30' title='bbox 434 800 549 877; x_wconf 83' lang='lat' dir='ltr'>(dixerit</span> <span class='ocrx_word' id='word_1_31' title='bbox 570 802 646 879; x_wconf 89' lang='lat' dir='ltr'>quis)</span> <span class='ocrx_word' id='word_1_32' title='bbox 665 802 740 876; x_wconf 91' lang='lat' dir='ltr'>quod</span> <span class='ocrx_word' id='word_1_33' title='bbox 762 800 830 857; x_wconf 92' lang='lat' dir='ltr'>utile</span> <span class='ocrx_word' id='word_1_34' title='bbox 850 800 897 869; x_wconf 89' lang='lat' dir='ltr'>sit,</span> <span class='ocrx_word' id='word_1_35' title='bbox 918 799 995 873; x_wconf 90' lang='lat' dir='ltr'>quod</span> <span class='ocrx_word' id='word_1_36' title='bbox 1047 789 1075 831; x_wconf 45' lang='grc' dir='ltr'><em>Γ</em></span> 
     </span>
     <span class='ocr_line' id='line_1_6' title="bbox 183 896 995 972; baseline -0.002 -19"><span class='ocrx_word' id='word_1_37' title='bbox 183 897 365 971; x_wconf 66' lang='lat' dir='ltr'>dexpediatl</span> <span class='ocrx_word' id='word_1_38' title='bbox 405 897 498 953; x_wconf 89' lang='lat' dir='ltr'>Immo</span> <span class='ocrx_word' id='word_1_39' title='bbox 518 897 667 972; x_wconf 83' lang='lat' dir='ltr'>intelligat,</span> <span class='ocrx_word' id='word_1_40' title='bbox 683 896 754 953; x_wconf 90' lang='lat' dir='ltr'>nihil</span> <span class='ocrx_word' id='word_1_41' title='bbox 775 914 830 952; x_wconf 89' lang='lat' dir='ltr'>nec</span> <span class='ocrx_word' id='word_1_42' title='bbox 850 896 995 969; x_wconf 81' lang='lat' dir='ltr'>expedire,</span> 
     </span>
     <span class='ocr_line' id='line_1_7' title="bbox 213 991 995 1068; baseline -0.003 -19"><span class='ocrx_word' id='word_1_43' title='bbox 213 1012 269 1050; x_wconf 88' lang='lat' dir='ltr'>nec</span> <span class='ocrx_word' id='word_1_44' title='bbox 289 994 358 1050; x_wconf 85' lang='lat' dir='ltr'>utile</span> <span class='ocrx_word' id='word_1_45' title='bbox 378 1013 450 1063; x_wconf 86' lang='lat' dir='ltr'>esse,</span> <span class='ocrx_word' id='word_1_46' title='bbox 465 994 540 1068; x_wconf 92' lang='lat' dir='ltr'>quod</span> <span class='ocrx_word' id='word_1_47' title='bbox 556 993 592 1049; x_wconf 88' lang='lat' dir='ltr'>sit</span> <span class='ocrx_word' id='word_1_48' title='bbox 606 994 750 1067; x_wconf 85' lang='lat' dir='ltr'>injustum.</span> <span class='ocrx_word' id='word_1_49' title='bbox 792 991 858 1048; x_wconf 89' lang='lat' dir='ltr'>Hoc</span> <span class='ocrx_word' id='word_1_50' title='bbox 872 991 921 1066; x_wconf 89' lang='lat' dir='ltr'>qui</span> <span class='ocrx_word' id='word_1_51' title='bbox 935 1009 995 1048; x_wconf 88' lang='lat' dir='ltr'>non</span> 
     </span>
     <span class='ocr_line' id='line_1_8' title="bbox 213 1088 791 1162; baseline -0.003 -18"><span class='ocrx_word' id='word_1_52' title='bbox 213 1088 356 1158; x_wconf 78' lang='lat' dir='ltr'>didicerit,</span> <span class='ocrx_word' id='word_1_53' title='bbox 370 1089 461 1146; x_wconf 90' lang='lat' dir='ltr'>bouus</span> <span class='ocrx_word' id='word_1_54' title='bbox 475 1088 516 1144; x_wconf 88' lang='lat' dir='ltr'>vir</span> <span class='ocrx_word' id='word_1_55' title='bbox 530 1107 592 1144; x_wconf 90' lang='lat' dir='ltr'>esse</span> <span class='ocrx_word' id='word_1_56' title='bbox 607 1106 664 1143; x_wconf 90' lang='lat' dir='ltr'>non</span> <span class='ocrx_word' id='word_1_57' title='bbox 678 1088 791 1162; x_wconf 88' lang='lat' dir='ltr'>poterit.</span> 
     </span>
     <span class='ocr_line' id='line_1_9' title="bbox 252 1183 998 1257; baseline -0.003 -16"><span class='ocrx_word' id='word_1_58' title='bbox 252 1184 410 1241; x_wconf 82' lang='lat' dir='ltr'>Fimbriam</span> <span class='ocrx_word' id='word_1_59' title='bbox 444 1184 631 1255; x_wconf 79' lang='lat' dir='ltr'>consularem,</span> <span class='ocrx_word' id='word_1_60' title='bbox 663 1184 812 1240; x_wconf 80' lang='lat' dir='ltr'>audiebam</span> <span class='ocrx_word' id='word_1_61' title='bbox 845 1183 881 1239; x_wconf 88' lang='lat' dir='ltr'>de</span> <span class='ocrx_word' id='word_1_62' title='bbox 913 1192 998 1257; x_wconf 86' lang='lat' dir='ltr'>patre</span> 
     </span>
     <span class='ocr_line' id='line_1_10' title="bbox 167 1278 997 1355; baseline 0.001 -20"><span class='ocrx_word' id='word_1_63' title='bbox 167 1347 170 1351; x_wconf 16' lang='grc' dir='ltr'><em>Α</em></span> <span class='ocrx_word' id='word_1_64' title='bbox 214 1289 310 1335; x_wconf 88' lang='lat' dir='ltr'>nostro</span> <span class='ocrx_word' id='word_1_65' title='bbox 329 1298 409 1355; x_wconf 89' lang='lat' dir='ltr'>puer,</span> <span class='ocrx_word' id='word_1_66' title='bbox 421 1280 549 1355; x_wconf 86' lang='lat' dir='ltr'>judicem</span> <span class='ocrx_word' id='word_1_67' title='bbox 570 1278 611 1335; x_wconf 92' lang='lat' dir='ltr'>M.</span> <span class='ocrx_word' id='word_1_68' title='bbox 626 1278 743 1337; x_wconf 86' lang='lat' dir='ltr'>Lutatio</span> <span class='ocrx_word' id='word_1_69' title='bbox 756 1279 878 1335; x_wconf 76' lang='lat' dir='ltr'>Pinttiae</span> <span class='ocrx_word' id='word_1_70' title='bbox 897 1278 997 1350; x_wconf 84' lang='lat' dir='ltr'>fuisse,</span> 
     </span>
     <span class='ocr_line' id='line_1_11' title="bbox 170 1374 997 1450; baseline 0 -20"><span class='ocrx_word' id='word_1_71' title='bbox 170 1393 201 1442; x_wconf 84' lang='lat'>10</span> <span class='ocrx_word' id='word_1_72' title='bbox 214 1375 302 1449; x_wconf 90' lang='lat' dir='ltr'>equiti</span> <span class='ocrx_word' id='word_1_73' title='bbox 316 1374 452 1431; x_wconf 85' lang='lat' dir='ltr'>Romano</span> <span class='ocrx_word' id='word_1_74' title='bbox 465 1394 534 1431; x_wconf 88' lang='lat' dir='ltr'>sane</span> <span class='ocrx_word' id='word_1_75' title='bbox 549 1375 678 1445; x_wconf 89' lang='lat' dir='ltr'>honesto,</span> <span class='ocrx_word' id='word_1_76' title='bbox 694 1394 760 1431; x_wconf 91' lang='lat' dir='ltr'>cum</span> <span class='ocrx_word' id='word_1_77' title='bbox 775 1374 798 1431; x_wconf 90' lang='lat' dir='ltr'>is</span> <span class='ocrx_word' id='word_1_78' title='bbox 812 1375 997 1450; x_wconf 80' lang='lat' dir='ltr'>sponsionem</span> 
     </span>
     <span class='ocr_line' id='line_1_12' title="bbox 215 1469 998 1544; baseline -0.001 -17"><span class='ocrx_word' id='word_1_79' title='bbox 215 1469 340 1541; x_wconf 80' lang='lat' dir='ltr'>fecisset,</span> <span class='ocrx_word' id='word_1_80' title='bbox 355 1476 374 1503; x_wconf 88' lang='lat'><strong>“</strong></span> <span class='ocrx_word' id='word_1_81' title='bbox 384 1470 414 1527; x_wconf 92' lang='lat' dir='ltr'>ni</span> <span class='ocrx_word' id='word_1_82' title='bbox 428 1472 521 1527; x_wconf 91' lang='lat' dir='ltr'>bonus</span> <span class='ocrx_word' id='word_1_83' title='bbox 541 1471 583 1526; x_wconf 85' lang='lat' dir='ltr'>vir</span> <span class='ocrx_word' id='word_1_84' title='bbox 604 1481 678 1526; x_wconf 88' lang='lat' dir='ltr'>esset</span> <span class='ocrx_word' id='word_1_85' title='bbox 688 1472 717 1528; x_wconf 81' lang='lat'>:&#39;’</span> <span class='ocrx_word' id='word_1_86' title='bbox 739 1471 834 1544; x_wconf 88' lang='lat' dir='ltr'>itaque</span> <span class='ocrx_word' id='word_1_87' title='bbox 848 1470 874 1526; x_wconf 90' lang='lat' dir='ltr'>ei</span> <span class='ocrx_word' id='word_1_88' title='bbox 890 1470 998 1527; x_wconf 76' lang='lat' dir='ltr'>dixisse</span> 
     </span>
     <span class='ocr_line' id='line_1_13' title="bbox 215 1566 997 1641; baseline 0 -18"><span class='ocrx_word' id='word_1_89' title='bbox 215 1566 381 1638; x_wconf 85' lang='lat' dir='ltr'>Fimbriam,</span> <span class='ocrx_word' id='word_1_90' title='bbox 396 1586 426 1623; x_wconf 90' lang='lat' dir='ltr'>se</span> <span class='ocrx_word' id='word_1_91' title='bbox 442 1566 520 1623; x_wconf 87' lang='lat' dir='ltr'>illam</span> <span class='ocrx_word' id='word_1_92' title='bbox 539 1585 600 1623; x_wconf 89' lang='lat' dir='ltr'>rem</span> <span class='ocrx_word' id='word_1_93' title='bbox 620 1585 766 1640; x_wconf 90' lang='lat' dir='ltr'>nunquam</span> <span class='ocrx_word' id='word_1_94' title='bbox 783 1566 997 1641; x_wconf 64' lang='lat' dir='ltr'>judicaturum</span> 
     </span>
     <span class='ocr_line' id='line_1_14' title="bbox 214 1661 997 1737; baseline 0.001 -19"><span class='ocrx_word' id='word_1_95' title='bbox 214 1681 252 1719; x_wconf 88' lang='lat' dir='ltr'>ne</span> <span class='ocrx_word' id='word_1_96' title='bbox 279 1672 327 1719; x_wconf 87' lang='lat' dir='ltr'>aut</span> <span class='ocrx_word' id='word_1_97' title='bbox 353 1663 487 1737; x_wconf 88' lang='lat' dir='ltr'>spoliaret</span> <span class='ocrx_word' id='word_1_98' title='bbox 514 1662 589 1720; x_wconf 73' lang='lat' dir='ltr'>samri</span> <span class='ocrx_word' id='word_1_99' title='bbox 616 1663 766 1737; x_wconf 86' lang='lat' dir='ltr'>probatum</span> <span class='ocrx_word' id='word_1_100' title='bbox 793 1662 950 1734; x_wconf 92' lang='lat' dir='ltr'>hominem,</span> <span class='ocrx_word' id='word_1_101' title='bbox 972 1661 997 1719; x_wconf 89' lang='lat' dir='ltr'>si</span> 
     </span>
     <span class='ocr_line' id='line_1_15' title="bbox 215 1757 997 1833; baseline 0.001 -19"><span class='ocrx_word' id='word_1_102' title='bbox 215 1768 315 1815; x_wconf 84' lang='lat' dir='ltr'>contra</span> <span class='ocrx_word' id='word_1_103' title='bbox 332 1757 505 1833; x_wconf 49' lang='lat' dir='ltr'>judicassem</span> <span class='ocrx_word' id='word_1_104' title='bbox 528 1769 575 1815; x_wconf 92' lang='lat' dir='ltr'>aut</span> <span class='ocrx_word' id='word_1_105' title='bbox 591 1758 723 1815; x_wconf 78' lang='lat' dir='ltr'>statuisse</span> <span class='ocrx_word' id='word_1_106' title='bbox 736 1758 889 1827; x_wconf 84' lang='lat' dir='ltr'>videretur,</span> <span class='ocrx_word' id='word_1_107' title='bbox 904 1759 997 1815; x_wconf 87' lang='lat' dir='ltr'>virum</span> 
     </span>
     <span class='ocr_line' id='line_1_16' title="bbox 171 1850 998 1925; baseline 0 -18"><span class='ocrx_word' id='word_1_108' title='bbox 171 1869 201 1918; x_wconf 83' lang='lat'>15</span> <span class='ocrx_word' id='word_1_109' title='bbox 215 1850 320 1907; x_wconf 89' lang='lat' dir='ltr'>bonum</span> <span class='ocrx_word' id='word_1_110' title='bbox 335 1851 457 1925; x_wconf 87' lang='lat' dir='ltr'>aliquem</span> <span class='ocrx_word' id='word_1_111' title='bbox 471 1870 544 1923; x_wconf 88' lang='lat' dir='ltr'>esse,</span> <span class='ocrx_word' id='word_1_112' title='bbox 555 1870 622 1907; x_wconf 92' lang='lat' dir='ltr'>cum</span> <span class='ocrx_word' id='word_1_113' title='bbox 633 1870 667 1909; x_wconf 86' lang='lat' dir='ltr'>ea</span> <span class='ocrx_word' id='word_1_114' title='bbox 680 1870 726 1908; x_wconf 87' lang='lat' dir='ltr'>res</span> <span class='ocrx_word' id='word_1_115' title='bbox 740 1851 998 1908; x_wconf 80' lang='lat' dir='ltr'>innumerabilibus</span> 
     </span>
     <span class='ocr_line' id='line_1_17' title="bbox 214 1945 998 2024; baseline 0.001 -21"><span class='ocrx_word' id='word_1_116' title='bbox 214 1945 317 2003; x_wconf 90' lang='lat' dir='ltr'>officiis</span> <span class='ocrx_word' id='word_1_117' title='bbox 343 1955 372 2003; x_wconf 92' lang='lat' dir='ltr'>et</span> <span class='ocrx_word' id='word_1_118' title='bbox 399 1947 529 2020; x_wconf 86' lang='lat' dir='ltr'>laudibus</span> <span class='ocrx_word' id='word_1_119' title='bbox 557 1948 759 2005; x_wconf 80' lang='lat' dir='ltr'>contineretur.</span> <span class='ocrx_word' id='word_1_120' title='bbox 801 1946 879 2005; x_wconf 87' lang='lat' dir='ltr'>Huic</span> <span class='ocrx_word' id='word_1_121' title='bbox 909 1947 998 2024; x_wconf 78' lang='lat' dir='ltr'>igitur</span> 
     </span>
     <span class='ocr_line' id='line_1_18' title="bbox 213 2042 999 2117; baseline 0.004 -19"><span class='ocrx_word' id='word_1_122' title='bbox 213 2042 275 2099; x_wconf 81' lang='lat' dir='ltr'>viro</span> <span class='ocrx_word' id='word_1_123' title='bbox 301 2042 385 2114; x_wconf 91' lang='lat' dir='ltr'>bono,</span> <span class='ocrx_word' id='word_1_124' title='bbox 414 2062 498 2117; x_wconf 90' lang='lat' dir='ltr'>quem</span> <span class='ocrx_word' id='word_1_125' title='bbox 532 2042 661 2100; x_wconf 82' lang='lat' dir='ltr'>Fimbria</span> <span class='ocrx_word' id='word_1_126' title='bbox 692 2043 789 2116; x_wconf 89' lang='lat' dir='ltr'>etiam,</span> <span class='ocrx_word' id='word_1_127' title='bbox 817 2062 875 2100; x_wconf 91' lang='lat' dir='ltr'>non</span> <span class='ocrx_word' id='word_1_128' title='bbox 910 2044 999 2102; x_wconf 88' lang='lat' dir='ltr'>modo</span> 
     </span>
     <span class='ocr_line' id='line_1_19' title="bbox 215 2139 1000 2215; baseline 0 -19"><span class='ocrx_word' id='word_1_129' title='bbox 215 2139 359 2210; x_wconf 84' lang='lat' dir='ltr'>Socrates,</span> <span class='ocrx_word' id='word_1_130' title='bbox 387 2149 513 2210; x_wconf 88' lang='lat' dir='ltr'>noverat,</span> <span class='ocrx_word' id='word_1_131' title='bbox 547 2139 626 2196; x_wconf 85' lang='lat' dir='ltr'>nullo</span> <span class='ocrx_word' id='word_1_132' title='bbox 659 2139 746 2196; x_wconf 92' lang='lat' dir='ltr'>modo</span> <span class='ocrx_word' id='word_1_133' title='bbox 779 2140 869 2196; x_wconf 84' lang='lat' dir='ltr'>videri</span> <span class='ocrx_word' id='word_1_134' title='bbox 901 2150 1000 2215; x_wconf 89' lang='lat' dir='ltr'>potest</span> 
     </span>
     <span class='ocr_line' id='line_1_20' title="bbox 214 2233 997 2309; baseline 0.003 -19"><span class='ocrx_word' id='word_1_135' title='bbox 214 2233 369 2309; x_wconf 85' lang='lat' dir='ltr'>quidquam</span> <span class='ocrx_word' id='word_1_136' title='bbox 392 2253 455 2292; x_wconf 88' lang='lat' dir='ltr'>esse</span> <span class='ocrx_word' id='word_1_137' title='bbox 478 2235 558 2306; x_wconf 92' lang='lat' dir='ltr'>utile,</span> <span class='ocrx_word' id='word_1_138' title='bbox 583 2235 659 2308; x_wconf 90' lang='lat' dir='ltr'>qnod</span> <span class='ocrx_word' id='word_1_139' title='bbox 686 2254 744 2291; x_wconf 91' lang='lat' dir='ltr'>non</span> <span class='ocrx_word' id='word_1_140' title='bbox 771 2235 921 2291; x_wconf 88' lang='lat' dir='ltr'>honestum</span> <span class='ocrx_word' id='word_1_141' title='bbox 951 2236 997 2293; x_wconf 85' lang='lat' dir='ltr'>sit.</span> 
     </span>
     <span class='ocr_line' id='line_1_21' title="bbox 169 2328 1000 2407; baseline 0.004 -21"><span class='ocrx_word' id='word_1_142' title='bbox 169 2346 201 2397; x_wconf 78' lang='lat'>20</span> <span class='ocrx_word' id='word_1_143' title='bbox 215 2328 315 2405; x_wconf 88' lang='lat' dir='ltr'>Itaque</span> <span class='ocrx_word' id='word_1_144' title='bbox 329 2330 394 2387; x_wconf 87' lang='lat' dir='ltr'>talis</span> <span class='ocrx_word' id='word_1_145' title='bbox 407 2331 449 2387; x_wconf 82' lang='lat' dir='ltr'>vir</span> <span class='ocrx_word' id='word_1_146' title='bbox 462 2349 521 2387; x_wconf 92' lang='lat' dir='ltr'>non</span> <span class='ocrx_word' id='word_1_147' title='bbox 534 2330 620 2388; x_wconf 88' lang='lat' dir='ltr'>modo</span> <span class='ocrx_word' id='word_1_148' title='bbox 633 2330 738 2402; x_wconf 83' lang='lat' dir='ltr'>facere,</span> <span class='ocrx_word' id='word_1_149' title='bbox 753 2331 803 2387; x_wconf 88' lang='lat' dir='ltr'>sed</span> <span class='ocrx_word' id='word_1_150' title='bbox 817 2350 853 2388; x_wconf 90' lang='lat' dir='ltr'>ne</span> <span class='ocrx_word' id='word_1_151' title='bbox 868 2331 1000 2407; x_wconf 84' lang='lat' dir='ltr'>cogitare</span> 
     </span>
     <span class='ocr_line' id='line_1_22' title="bbox 214 2426 1000 2501; baseline 0.004 -21"><span class='ocrx_word' id='word_1_152' title='bbox 214 2426 328 2500; x_wconf 91' lang='lat' dir='ltr'>quidem</span> <span class='ocrx_word' id='word_1_153' title='bbox 355 2426 507 2500; x_wconf 89' lang='lat' dir='ltr'>quidquam</span> <span class='ocrx_word' id='word_1_154' title='bbox 537 2427 661 2498; x_wconf 89' lang='lat' dir='ltr'>audebit,</span> <span class='ocrx_word' id='word_1_155' title='bbox 690 2427 766 2501; x_wconf 93' lang='lat' dir='ltr'>quod</span> <span class='ocrx_word' id='word_1_156' title='bbox 799 2445 857 2483; x_wconf 90' lang='lat' dir='ltr'>non</span> <span class='ocrx_word' id='word_1_157' title='bbox 893 2427 1000 2484; x_wconf 86' lang='lat' dir='ltr'>audeat</span> 
     </span>
     <span class='ocr_line' id='line_1_23' title="bbox 213 2521 1000 2598; baseline 0 -19"><span class='ocrx_word' id='word_1_158' title='bbox 213 2521 378 2598; x_wconf 73' lang='lat' dir='ltr'>predicare.</span> <span class='ocrx_word' id='word_1_159' title='bbox 432 2522 514 2593; x_wconf 82' lang='lat' dir='ltr'>Haec,</span> <span class='ocrx_word' id='word_1_160' title='bbox 542 2541 639 2579; x_wconf 88' lang='lat' dir='ltr'>nonne</span> <span class='ocrx_word' id='word_1_161' title='bbox 673 2533 716 2580; x_wconf 87' lang='lat' dir='ltr'>est</span> <span class='ocrx_word' id='word_1_162' title='bbox 744 2534 836 2598; x_wconf 84' lang='lat' dir='ltr'>turpe,</span> <span class='ocrx_word' id='word_1_163' title='bbox 864 2523 1000 2580; x_wconf 91' lang='lat' dir='ltr'>dubitare</span> 
     </span>
     <span class='ocr_line' id='line_1_24' title="bbox 213 2613 1000 2693; baseline 0.003 -20"><span class='ocrx_word' id='word_1_164' title='bbox 213 2616 405 2693; x_wconf 88' lang='lat' dir='ltr'>philosophos,</span> <span class='ocrx_word' id='word_1_165' title='bbox 430 2613 492 2691; x_wconf 87' lang='lat' dir='ltr'>quae</span> <span class='ocrx_word' id='word_1_166' title='bbox 516 2636 553 2674; x_wconf 90' lang='lat' dir='ltr'>ne</span> <span class='ocrx_word' id='word_1_167' title='bbox 576 2618 676 2675; x_wconf 87' lang='lat' dir='ltr'>rustici</span> <span class='ocrx_word' id='word_1_168' title='bbox 703 2618 817 2692; x_wconf 89' lang='lat' dir='ltr'>quidem</span> <span class='ocrx_word' id='word_1_169' title='bbox 844 2618 1000 2675; x_wconf 69' lang='lat' dir='ltr'>dubitent?</span> 
     </span>
     <span class='ocr_line' id='line_1_25' title="bbox 215 2712 1000 2789; baseline 0.003 -20"><span class='ocrx_word' id='word_1_170' title='bbox 215 2712 350 2786; x_wconf 88' lang='lat' dir='ltr'>aquibus</span> <span class='ocrx_word' id='word_1_171' title='bbox 370 2722 469 2769; x_wconf 90' lang='lat' dir='ltr'>natum</span> <span class='ocrx_word' id='word_1_172' title='bbox 489 2723 532 2770; x_wconf 90' lang='lat' dir='ltr'>est</span> <span class='ocrx_word' id='word_1_173' title='bbox 552 2714 591 2784; x_wconf 93' lang='lat' dir='ltr'>id,</span> <span class='ocrx_word' id='word_1_174' title='bbox 606 2713 681 2787; x_wconf 92' lang='lat' dir='ltr'>quod</span> <span class='ocrx_word' id='word_1_175' title='bbox 699 2713 758 2789; x_wconf 87' lang='lat' dir='ltr'>jam</span> <span class='ocrx_word' id='word_1_176' title='bbox 779 2715 932 2771; x_wconf 89' lang='lat' dir='ltr'>contritum</span> <span class='ocrx_word' id='word_1_177' title='bbox 954 2723 1000 2771; x_wconf 86' lang='lat' dir='ltr'>est</span> 
     </span>
     <span class='ocr_line' id='line_1_26' title="bbox 169 2808 1000 2885; baseline 0.002 -23"><span class='ocrx_word' id='word_1_178' title='bbox 169 2828 201 2877; x_wconf 78' lang='lat'>25</span> <span class='ocrx_word' id='word_1_179' title='bbox 214 2817 353 2865; x_wconf 87' lang='lat' dir='ltr'>vetustate</span> <span class='ocrx_word' id='word_1_180' title='bbox 372 2809 568 2883; x_wconf 85' lang='lat' dir='ltr'>proverbium:</span> <span class='ocrx_word' id='word_1_181' title='bbox 591 2827 655 2865; x_wconf 91' lang='lat' dir='ltr'>cum</span> <span class='ocrx_word' id='word_1_182' title='bbox 677 2808 753 2865; x_wconf 90' lang='lat' dir='ltr'>enim</span> <span class='ocrx_word' id='word_1_183' title='bbox 775 2809 859 2865; x_wconf 88' lang='lat' dir='ltr'>tidem</span> <span class='ocrx_word' id='word_1_184' title='bbox 875 2809 1000 2885; x_wconf 85' lang='lat' dir='ltr'>alicujus</span> 
     </span>
     <span class='ocr_line' id='line_1_27' title="bbox 214 2902 1001 2981; baseline 0.006 -24"><span class='ocrx_word' id='word_1_185' title='bbox 214 2902 427 2977; x_wconf 88' lang='lat' dir='ltr'>bonitatemque</span> <span class='ocrx_word' id='word_1_186' title='bbox 440 2904 567 2975; x_wconf 86' lang='lat' dir='ltr'>laudant,</span> <span class='ocrx_word' id='word_1_187' title='bbox 579 2905 696 2981; x_wconf 85' lang='lat' dir='ltr'>dignum</span> <span class='ocrx_word' id='word_1_188' title='bbox 711 2923 773 2961; x_wconf 89' lang='lat' dir='ltr'>esse</span> <span class='ocrx_word' id='word_1_189' title='bbox 787 2905 898 2975; x_wconf 87' lang='lat' dir='ltr'>dicunt,</span> <span class='ocrx_word' id='word_1_190' title='bbox 910 2904 1001 2979; x_wconf 81' lang='lat' dir='ltr'>“qui-</span> 
     </span>
     <span class='ocr_line' id='line_1_28' title="bbox 215 2996 1000 3074; baseline 0.008 -23"><span class='ocrx_word' id='word_1_191' title='bbox 215 3013 281 3052; x_wconf 91' lang='lat' dir='ltr'>cum</span> <span class='ocrx_word' id='word_1_192' title='bbox 298 2996 328 3051; x_wconf 90' lang='lat' dir='ltr'>in</span> <span class='ocrx_word' id='word_1_193' title='bbox 345 2998 471 3055; x_wconf 87' lang='lat' dir='ltr'>tenebris</span> <span class='ocrx_word' id='word_1_194' title='bbox 490 3000 608 3056; x_wconf 88' lang='lat' dir='ltr'>mices.”</span> <span class='ocrx_word' id='word_1_195' title='bbox 650 2999 715 3057; x_wconf 93' lang='lat' dir='ltr'>Hoc</span> <span class='ocrx_word' id='word_1_196' title='bbox 729 3018 813 3074; x_wconf 88' lang='lat' dir='ltr'>qnam</span> <span class='ocrx_word' id='word_1_197' title='bbox 827 2999 914 3057; x_wconf 89' lang='lat' dir='ltr'>habet</span> <span class='ocrx_word' id='word_1_198' title='bbox 928 3001 1000 3071; x_wconf 86' lang='lat' dir='ltr'>vim,</span> 
     </span>
     <span class='ocr_line' id='line_1_29' title="bbox 216 3088 1002 3170; baseline 0.011 -21"><span class='ocrx_word' id='word_1_199' title='bbox 216 3088 272 3149; x_wconf 85' lang='lat' dir='ltr'>nisi</span> <span class='ocrx_word' id='word_1_200' title='bbox 298 3088 385 3161; x_wconf 87' lang='lat' dir='ltr'>illam,</span> <span class='ocrx_word' id='word_1_201' title='bbox 412 3093 483 3151; x_wconf 93' lang='lat' dir='ltr'>nihil</span> <span class='ocrx_word' id='word_1_202' title='bbox 517 3094 661 3170; x_wconf 85' lang='lat' dir='ltr'>expedire,</span> <span class='ocrx_word' id='word_1_203' title='bbox 689 3096 766 3169; x_wconf 93' lang='lat' dir='ltr'>quod</span> <span class='ocrx_word' id='word_1_204' title='bbox 792 3114 852 3155; x_wconf 92' lang='lat' dir='ltr'>non</span> <span class='ocrx_word' id='word_1_205' title='bbox 883 3096 1002 3168; x_wconf 74' lang='lat' dir='ltr'>deceat,</span> 
     </span>
    </p>
   </div>
   <div class='ocr_carea' id='block_1_3' title="bbox 0 0 1094 3609">
    <p class='ocr_par' dir='ltr' id='par_1_3' title="bbox 0 0 1094 3609">
     <span class='ocr_line' id='line_1_30' title="bbox 0 0 1094 3609; baseline 0 0"><span class='ocrx_word' id='word_1_206' title='bbox 0 0 1094 3609; x_wconf 95' lang='lat' dir='ltr'> </span> 
     </span>
    </p>
   </div>
  </div>
 </body>
</html>
