<?xml version="1.0" encoding="UTF-8"?>
<!DOCTYPE html PUBLIC "-//W3C//DTD XHTML 1.0 Transitional//EN"
    "http://www.w3.org/TR/xhtml1/DTD/xhtml1-transitional.dtd">
<html xmlns="http://www.w3.org/1999/xhtml" xml:lang="en" lang="en">
 <head>
  <title>
</title>
<meta http-equiv="Content-Type" content="text/html;charset=utf-8" />
  <meta name='ocr-system' content='tesseract 3.04.00' />
  <meta name='ocr-capabilities' content='ocr_page ocr_carea ocr_par ocr_line ocrx_word'/>
</head>
<body>
  <div class='ocr_page' id='page_1' title='image "./mtciceronisdeof01dillgoog/mtciceronisdeof01dillgoog_0075.png"; bbox 0 0 2167 3609; ppageno 0'>
   <div class='ocr_carea' id='block_1_1' title="bbox 97 347 934 447">
    <p class='ocr_par' dir='ltr' id='par_1_1' title="bbox 97 347 934 447">
     <span class='ocr_line' id='line_1_1' title="bbox 97 347 934 447; baseline 0.001 -15"><span class='ocrx_word' id='word_1_1' title='bbox 97 386 124 431; x_wconf 83' lang='lat' dir='ltr'>n.</span> <span class='ocrx_word' id='word_1_2' title='bbox 135 361 171 447; x_wconf 67' lang='lat' dir='ltr'>ri</span> <span class='ocrx_word' id='word_1_3' title='bbox 405 386 448 433; x_wconf 83' lang='lat' dir='ltr'>un</span> <span class='ocrx_word' id='word_1_4' title='bbox 467 359 613 432; x_wconf 79' lang='lat' dir='ltr'>osricus.</span> <span class='ocrx_word' id='word_1_5' title='bbox 894 347 934 433; x_wconf 68' lang='grc'>69</span> 
     </span>
    </p>
   </div>
   <div class='ocr_carea' id='block_1_2' title="bbox 11 537 938 3215">
    <p class='ocr_par' dir='ltr' id='par_1_2' title="bbox 96 537 928 1367">
     <span class='ocr_line' id='line_1_2' title="bbox 96 537 889 616; baseline 0 -21"><span class='ocrx_word' id='word_1_6' title='bbox 96 549 127 595; x_wconf 90' lang='lat' dir='ltr'>et</span> <span class='ocrx_word' id='word_1_7' title='bbox 140 539 271 616; x_wconf 85' lang='lat' dir='ltr'>regenda</span> <span class='ocrx_word' id='word_1_8' title='bbox 292 538 445 614; x_wconf 75' lang='lat' dir='ltr'>prudentid</span> <span class='ocrx_word' id='word_1_9' title='bbox 467 549 518 595; x_wconf 87' lang='lat' dir='ltr'>est.</span> <span class='ocrx_word' id='word_1_10' title='bbox 562 537 689 595; x_wconf 84' lang='lat' dir='ltr'><strong>Maxime</strong></span> <span class='ocrx_word' id='word_1_11' title='bbox 712 548 807 595; x_wconf 88' lang='lat' dir='ltr'>autem</span> <span class='ocrx_word' id='word_1_12' title='bbox 825 537 889 595; x_wconf 84' lang='lat' dir='ltr'>haec</span> 
     </span>
     <span class='ocr_line' id='line_1_3' title="bbox 97 633 888 708; baseline -0.003 -16"><span class='ocrx_word' id='word_1_13' title='bbox 97 645 169 692; x_wconf 83' lang='lat' dir='ltr'>aetas</span> <span class='ocrx_word' id='word_1_14' title='bbox 190 655 206 693; x_wconf 91' lang='lat' dir='ltr'>a</span> <span class='ocrx_word' id='word_1_15' title='bbox 224 635 395 692; x_wconf 87' lang='lat' dir='ltr'>libidinibus</span> <span class='ocrx_word' id='word_1_16' title='bbox 415 635 539 692; x_wconf 89' lang='lat' dir='ltr'>arcenda</span> <span class='ocrx_word' id='word_1_17' title='bbox 559 645 612 706; x_wconf 90' lang='lat' dir='ltr'>est,</span> <span class='ocrx_word' id='word_1_18' title='bbox 627 634 844 708; x_wconf 78' lang='lat' dir='ltr'>exercendaque</span> <span class='ocrx_word' id='word_1_19' title='bbox 858 633 888 690; x_wconf 88' lang='lat' dir='ltr'>in</span> 
     </span>
     <span class='ocr_line' id='line_1_4' title="bbox 97 731 889 808; baseline -0.001 -20"><span class='ocrx_word' id='word_1_20' title='bbox 97 732 199 789; x_wconf 88' lang='lat' dir='ltr'>labore</span> <span class='ocrx_word' id='word_1_21' title='bbox 226 732 424 808; x_wconf 74' lang='lat' dir='ltr'>patientidque</span> <span class='ocrx_word' id='word_1_22' title='bbox 457 742 486 788; x_wconf 88' lang='lat' dir='ltr'>et</span> <span class='ocrx_word' id='word_1_23' title='bbox 518 731 606 788; x_wconf 88' lang='lat' dir='ltr'>animi</span> <span class='ocrx_word' id='word_1_24' title='bbox 633 741 662 787; x_wconf 90' lang='lat' dir='ltr'>et</span> <span class='ocrx_word' id='word_1_25' title='bbox 684 731 828 807; x_wconf 84' lang='lat' dir='ltr'>corporis3</span> <span class='ocrx_word' id='word_1_26' title='bbox 857 740 889 788; x_wconf 90' lang='lat' dir='ltr'>ut</span> 
     </span>
     <span class='ocr_line' id='line_1_5' title="bbox 97 826 889 902; baseline 0.003 -18"><span class='ocrx_word' id='word_1_27' title='bbox 97 847 211 896; x_wconf 85' lang='lat' dir='ltr'>eorum,</span> <span class='ocrx_word' id='word_1_28' title='bbox 226 840 256 885; x_wconf 89' lang='lat' dir='ltr'>et</span> <span class='ocrx_word' id='word_1_29' title='bbox 270 828 300 884; x_wconf 90' lang='lat' dir='ltr'>in</span> <span class='ocrx_word' id='word_1_30' title='bbox 314 828 427 885; x_wconf 88' lang='lat' dir='ltr'>bellicis</span> <span class='ocrx_word' id='word_1_31' title='bbox 441 837 470 884; x_wconf 88' lang='lat' dir='ltr'>et</span> <span class='ocrx_word' id='word_1_32' title='bbox 483 828 513 885; x_wconf 89' lang='lat' dir='ltr'>iu</span> <span class='ocrx_word' id='word_1_33' title='bbox 525 827 658 884; x_wconf 87' lang='lat' dir='ltr'>civilibus</span> <span class='ocrx_word' id='word_1_34' title='bbox 672 827 784 899; x_wconf 90' lang='lat' dir='ltr'>officiis,</span> <span class='ocrx_word' id='word_1_35' title='bbox 795 826 889 902; x_wconf 82' lang='lat' dir='ltr'>vigeat</span> 
     </span>
     <span class='ocr_line' id='line_1_6' title="bbox 98 920 919 999; baseline -0.004 -18"><span class='ocrx_word' id='word_1_36' title='bbox 98 924 251 983; x_wconf 82' lang='lat' dir='ltr'>industria.</span> <span class='ocrx_word' id='word_1_37' title='bbox 293 925 389 999; x_wconf 80' lang='lat' dir='ltr'>Atque</span> <span class='ocrx_word' id='word_1_38' title='bbox 411 924 507 996; x_wconf 91' lang='lat' dir='ltr'>etiam,</span> <span class='ocrx_word' id='word_1_39' title='bbox 528 943 595 981; x_wconf 91' lang='lat' dir='ltr'>cum</span> <span class='ocrx_word' id='word_1_40' title='bbox 616 923 745 979; x_wconf 86' lang='lat' dir='ltr'>relaxare</span> <span class='ocrx_word' id='word_1_41' title='bbox 769 920 919 995; x_wconf 79' lang='lat' dir='ltr'>auimos,5</span> 
     </span>
     <span class='ocr_line' id='line_1_7' title="bbox 98 1018 891 1096; baseline -0.004 -19"><span class='ocrx_word' id='word_1_42' title='bbox 98 1031 130 1077; x_wconf 90' lang='lat' dir='ltr'>et</span> <span class='ocrx_word' id='word_1_43' title='bbox 148 1021 218 1077; x_wconf 89' lang='lat' dir='ltr'>dare</span> <span class='ocrx_word' id='word_1_44' title='bbox 239 1039 270 1077; x_wconf 91' lang='lat' dir='ltr'>se</span> <span class='ocrx_word' id='word_1_45' title='bbox 289 1020 464 1096; x_wconf 86' lang='lat' dir='ltr'>jucunditati</span> <span class='ocrx_word' id='word_1_46' title='bbox 486 1020 592 1091; x_wconf 85' lang='lat' dir='ltr'>volent,</span> <span class='ocrx_word' id='word_1_47' title='bbox 614 1029 735 1076; x_wconf 87' lang='lat' dir='ltr'>caveant</span> <span class='ocrx_word' id='word_1_48' title='bbox 754 1018 891 1094; x_wconf 87' lang='lat' dir='ltr'>intempe-</span> 
     </span>
     <span class='ocr_line' id='line_1_8' title="bbox 97 1113 890 1191; baseline -0.005 -17"><span class='ocrx_word' id='word_1_49' title='bbox 97 1118 242 1187; x_wconf 85' lang='lat' dir='ltr'>rantiam3</span> <span class='ocrx_word' id='word_1_50' title='bbox 262 1117 446 1173; x_wconf 83' lang='lat' dir='ltr'>meminerint</span> <span class='ocrx_word' id='word_1_51' title='bbox 456 1116 637 1173; x_wconf 78' lang='lat' dir='ltr'>verecundiae</span> <span class='ocrx_word' id='word_1_52' title='bbox 648 1136 654 1172; x_wconf 72' lang='grc' dir='ltr'><em>τ</em></span> <span class='ocrx_word' id='word_1_53' title='bbox 670 1115 746 1191; x_wconf 91' lang='lat' dir='ltr'>quod</span> <span class='ocrx_word' id='word_1_54' title='bbox 757 1115 811 1172; x_wconf 88' lang='lat' dir='ltr'>erit</span> <span class='ocrx_word' id='word_1_55' title='bbox 822 1113 890 1171; x_wconf 91' lang='lat' dir='ltr'>saci·</span> 
     </span>
     <span class='ocr_line' id='line_1_9' title="bbox 98 1211 928 1289; baseline -0.002 -20"><span class='ocrx_word' id='word_1_56' title='bbox 98 1212 167 1284; x_wconf 88' lang='lat' dir='ltr'>lius,</span> <span class='ocrx_word' id='word_1_57' title='bbox 183 1213 207 1269; x_wconf 93' lang='lat' dir='ltr'>si</span> <span class='ocrx_word' id='word_1_58' title='bbox 229 1214 258 1270; x_wconf 90' lang='lat' dir='ltr'>in</span> <span class='ocrx_word' id='word_1_59' title='bbox 278 1213 418 1289; x_wconf 90' lang='lat' dir='ltr'>ejusmodi</span> <span class='ocrx_word' id='word_1_60' title='bbox 435 1211 551 1289; x_wconf 89' lang='lat' dir='ltr'>quidem</span> <span class='ocrx_word' id='word_1_61' title='bbox 570 1213 656 1271; x_wconf 83' lang='lat' dir='ltr'>rebus</span> <span class='ocrx_word' id='word_1_62' title='bbox 677 1212 800 1289; x_wconf 85' lang='lat' dir='ltr'>majores</span> <span class='ocrx_word' id='word_1_63' title='bbox 821 1220 891 1268; x_wconf 88' lang='lat' dir='ltr'>natu</span> <span class='ocrx_word' id='word_1_64' title='bbox 924 1238 928 1247; x_wconf 87' lang='lat'>·</span> 
     </span>
     <span class='ocr_line' id='line_1_10' title="bbox 100 1309 353 1367; baseline -0.004 0"><span class='ocrx_word' id='word_1_65' title='bbox 100 1309 242 1367; x_wconf 82' lang='lat' dir='ltr'>interesse</span> <span class='ocrx_word' id='word_1_66' title='bbox 256 1310 353 1366; x_wconf 86' lang='lat' dir='ltr'>velint.</span> 
     </span>
    </p>

    <p class='ocr_par' dir='ltr' id='par_1_3' title="bbox 100 1403 938 2524">
     <span class='ocr_line' id='line_1_11' title="bbox 141 1403 936 1481; baseline -0.003 -19"><span class='ocrx_word' id='word_1_67' title='bbox 141 1406 269 1463; x_wconf 87' lang='lat' dir='ltr'>Senibus</span> <span class='ocrx_word' id='word_1_68' title='bbox 278 1416 373 1463; x_wconf 89' lang='lat' dir='ltr'>autem</span> <span class='ocrx_word' id='word_1_69' title='bbox 383 1405 496 1463; x_wconf 89' lang='lat' dir='ltr'>labores</span> <span class='ocrx_word' id='word_1_70' title='bbox 507 1405 635 1481; x_wconf 87' lang='lat' dir='ltr'>corporis</span> <span class='ocrx_word' id='word_1_71' title='bbox 644 1404 802 1477; x_wconf 87' lang='lat' dir='ltr'>minuendi,</span> <span class='ocrx_word' id='word_1_72' title='bbox 812 1422 891 1461; x_wconf 82' lang='lat' dir='ltr'>exer·</span> <span class='ocrx_word' id='word_1_73' title='bbox 906 1403 936 1453; x_wconf 84' lang='lat'>1⁰</span> 
     </span>
     <span class='ocr_line' id='line_1_12' title="bbox 100 1500 892 1579; baseline -0.003 -20"><span class='ocrx_word' id='word_1_74' title='bbox 100 1502 257 1560; x_wconf 81' lang='lat' dir='ltr'>citationes</span> <span class='ocrx_word' id='word_1_75' title='bbox 273 1503 360 1560; x_wconf 83' lang='lat' dir='ltr'>animi</span> <span class='ocrx_word' id='word_1_76' title='bbox 374 1502 461 1560; x_wconf 89' lang='lat' dir='ltr'>etiam</span> <span class='ocrx_word' id='word_1_77' title='bbox 476 1501 775 1579; x_wconf 79' lang='lat' dir='ltr'>augendaevidentu13</span> <span class='ocrx_word' id='word_1_78' title='bbox 796 1500 892 1557; x_wconf 91' lang='lat' dir='ltr'>danda</span> 
     </span>
     <span class='ocr_line' id='line_1_13' title="bbox 100 1596 891 1675; baseline -0.001 -20"><span class='ocrx_word' id='word_1_79' title='bbox 100 1618 171 1655; x_wconf 85' lang='lat' dir='ltr'>vero</span> <span class='ocrx_word' id='word_1_80' title='bbox 184 1618 281 1675; x_wconf 90' lang='lat' dir='ltr'>opera,</span> <span class='ocrx_word' id='word_1_81' title='bbox 296 1609 328 1656; x_wconf 93' lang='lat' dir='ltr'>ut</span> <span class='ocrx_word' id='word_1_82' title='bbox 342 1609 370 1656; x_wconf 87' lang='lat' dir='ltr'>ct</span> <span class='ocrx_word' id='word_1_83' title='bbox 386 1599 505 1670; x_wconf 86' lang='lat' dir='ltr'>amicos,</span> <span class='ocrx_word' id='word_1_84' title='bbox 520 1608 550 1655; x_wconf 91' lang='lat' dir='ltr'>et</span> <span class='ocrx_word' id='word_1_85' title='bbox 560 1598 749 1675; x_wconf 83' lang='lat' dir='ltr'>juventutem,</span> <span class='ocrx_word' id='word_1_86' title='bbox 761 1608 790 1655; x_wconf 93' lang='lat' dir='ltr'>et</span> <span class='ocrx_word' id='word_1_87' title='bbox 804 1596 891 1654; x_wconf 83' lang='lat' dir='ltr'>maxi·</span> 
     </span>
     <span class='ocr_line' id='line_1_14' title="bbox 100 1693 892 1771; baseline -0.004 -20"><span class='ocrx_word' id='word_1_88' title='bbox 100 1714 150 1752; x_wconf 86' lang='lat' dir='ltr'>me</span> <span class='ocrx_word' id='word_1_89' title='bbox 165 1696 384 1771; x_wconf 82' lang='lat' dir='ltr'>rempublicam,</span> <span class='ocrx_word' id='word_1_90' title='bbox 396 1695 518 1753; x_wconf 89' lang='lat' dir='ltr'>consilio</span> <span class='ocrx_word' id='word_1_91' title='bbox 530 1706 559 1754; x_wconf 95' lang='lat' dir='ltr'>et</span> <span class='ocrx_word' id='word_1_92' title='bbox 572 1695 725 1771; x_wconf 74' lang='lat' dir='ltr'>prudentib</span> <span class='ocrx_word' id='word_1_93' title='bbox 736 1713 820 1770; x_wconf 88' lang='lat' dir='ltr'>quarn</span> <span class='ocrx_word' id='word_1_94' title='bbox 830 1693 892 1769; x_wconf 91' lang='lat' dir='ltr'>plu·</span> 
     </span>
     <span class='ocr_line' id='line_1_15' title="bbox 100 1790 891 1869; baseline -0.003 -21"><span class='ocrx_word' id='word_1_95' title='bbox 100 1792 208 1848; x_wconf 89' lang='lat' dir='ltr'>rimum</span> <span class='ocrx_word' id='word_1_96' title='bbox 231 1792 373 1868; x_wconf 86' lang='lat' dir='ltr'>adjuvent.</span> <span class='ocrx_word' id='word_1_97' title='bbox 414 1791 497 1850; x_wconf 91' lang='lat' dir='ltr'>Nihil</span> <span class='ocrx_word' id='word_1_98' title='bbox 517 1802 612 1850; x_wconf 91' lang='lat' dir='ltr'>autem</span> <span class='ocrx_word' id='word_1_99' title='bbox 626 1792 717 1869; x_wconf 87' lang='lat' dir='ltr'>magis</span> <span class='ocrx_word' id='word_1_100' title='bbox 732 1790 891 1849; x_wconf 90' lang='lat' dir='ltr'>cavendum</span> 
     </span>
     <span class='ocr_line' id='line_1_16' title="bbox 101 1888 937 1966; baseline 0.001 -22"><span class='ocrx_word' id='word_1_101' title='bbox 101 1898 146 1946; x_wconf 88' lang='lat' dir='ltr'>est</span> <span class='ocrx_word' id='word_1_102' title='bbox 169 1889 323 1960; x_wconf 76' lang='lat' dir='ltr'>senectuti,</span> <span class='ocrx_word' id='word_1_103' title='bbox 345 1908 430 1965; x_wconf 89' lang='lat' dir='ltr'>quam</span> <span class='ocrx_word' id='word_1_104' title='bbox 452 1907 489 1946; x_wconf 88' lang='lat' dir='ltr'>ne</span> <span class='ocrx_word' id='word_1_105' title='bbox 512 1889 644 1966; x_wconf 86' lang='lat' dir='ltr'>languori</span> <span class='ocrx_word' id='word_1_106' title='bbox 665 1908 695 1946; x_wconf 90' lang='lat' dir='ltr'>se</span> <span class='ocrx_word' id='word_1_107' title='bbox 718 1888 891 1962; x_wconf 74' lang='lat' dir='ltr'>desidiaque</span> <span class='ocrx_word' id='word_1_108' title='bbox 906 1890 937 1938; x_wconf 86' lang='lat'>15</span> 
     </span>
     <span class='ocr_line' id='line_1_17' title="bbox 102 1984 917 2060; baseline 0 -19"><span class='ocrx_word' id='word_1_109' title='bbox 102 1985 199 2042; x_wconf 83' lang='lat' dir='ltr'>dedat.</span> <span class='ocrx_word' id='word_1_110' title='bbox 242 1984 370 2043; x_wconf 84' lang='lat' dir='ltr'>Luxuria</span> <span class='ocrx_word' id='word_1_111' title='bbox 393 2003 470 2057; x_wconf 87' lang='lat' dir='ltr'>vero,</span> <span class='ocrx_word' id='word_1_112' title='bbox 496 2005 564 2044; x_wconf 89' lang='lat' dir='ltr'>cum</span> <span class='ocrx_word' id='word_1_113' title='bbox 587 1985 666 2043; x_wconf 91' lang='lat' dir='ltr'>omni</span> <span class='ocrx_word' id='word_1_114' title='bbox 691 1985 768 2043; x_wconf 78' lang='lat' dir='ltr'>etati</span> <span class='ocrx_word' id='word_1_115' title='bbox 791 1985 891 2060; x_wconf 89' lang='lat' dir='ltr'>turpis,</span> <span class='ocrx_word' id='word_1_116' title='bbox 916 1995 917 1998; x_wconf 76' lang='grc'>’</span> 
     </span>
     <span class='ocr_line' id='line_1_18' title="bbox 101 2080 892 2139; baseline -0.003 -2"><span class='ocrx_word' id='word_1_117' title='bbox 101 2092 164 2138; x_wconf 89' lang='lat' dir='ltr'>turn</span> <span class='ocrx_word' id='word_1_118' title='bbox 188 2082 332 2138; x_wconf 89' lang='lat' dir='ltr'>senectuti</span> <span class='ocrx_word' id='word_1_119' title='bbox 355 2081 512 2139; x_wconf 84' lang='lat' dir='ltr'>soedissima</span> <span class='ocrx_word' id='word_1_120' title='bbox 530 2092 590 2139; x_wconf 89' lang='lat' dir='ltr'>est:</span> <span class='ocrx_word' id='word_1_121' title='bbox 613 2083 656 2138; x_wconf 89' lang='lat' dir='ltr'>sin</span> <span class='ocrx_word' id='word_1_122' title='bbox 681 2091 775 2138; x_wconf 88' lang='lat' dir='ltr'>autem</span> <span class='ocrx_word' id='word_1_123' title='bbox 798 2080 892 2136; x_wconf 90' lang='lat' dir='ltr'>libidi-</span> 
     </span>
     <span class='ocr_line' id='line_1_19' title="bbox 100 2176 893 2253; baseline -0.004 -19"><span class='ocrx_word' id='word_1_124' title='bbox 100 2196 173 2234; x_wconf 91' lang='lat' dir='ltr'>num</span> <span class='ocrx_word' id='word_1_125' title='bbox 188 2177 276 2234; x_wconf 88' lang='lat' dir='ltr'>etiam</span> <span class='ocrx_word' id='word_1_126' title='bbox 291 2178 512 2253; x_wconf 88' lang='lat' dir='ltr'>intemperantia</span> <span class='ocrx_word' id='word_1_127' title='bbox 532 2177 696 2248; x_wconf 89' lang='lat' dir='ltr'>accesserit,</span> <span class='ocrx_word' id='word_1_128' title='bbox 711 2176 814 2252; x_wconf 84' lang='lat' dir='ltr'>duplex</span> <span class='ocrx_word' id='word_1_129' title='bbox 834 2194 893 2232; x_wconf 86' lang='lat' dir='ltr'>ma·</span> 
     </span>
     <span class='ocr_line' id='line_1_20' title="bbox 100 2271 891 2348; baseline -0.005 -18"><span class='ocrx_word' id='word_1_130' title='bbox 100 2273 162 2330; x_wconf 92' lang='lat' dir='ltr'>lum</span> <span class='ocrx_word' id='word_1_131' title='bbox 177 2282 237 2344; x_wconf 89' lang='lat' dir='ltr'>est;</span> <span class='ocrx_word' id='word_1_132' title='bbox 258 2273 334 2348; x_wconf 89' lang='lat' dir='ltr'>quod</span> <span class='ocrx_word' id='word_1_133' title='bbox 349 2283 378 2330; x_wconf 88' lang='lat' dir='ltr'>et</span> <span class='ocrx_word' id='word_1_134' title='bbox 392 2273 453 2348; x_wconf 87' lang='lat' dir='ltr'>ipsa</span> <span class='ocrx_word' id='word_1_135' title='bbox 467 2283 603 2330; x_wconf 88' lang='lat' dir='ltr'>senectus</span> <span class='ocrx_word' id='word_1_136' title='bbox 617 2271 745 2346; x_wconf 89' lang='lat' dir='ltr'>concipit</span> <span class='ocrx_word' id='word_1_137' title='bbox 755 2271 891 2343; x_wconf 88' lang='lat' dir='ltr'>dedecus,</span> 
     </span>
     <span class='ocr_line' id='line_1_21' title="bbox 101 2366 938 2444; baseline -0.005 -18"><span class='ocrx_word' id='word_1_138' title='bbox 101 2382 131 2426; x_wconf 89' lang='lat' dir='ltr'>et</span> <span class='ocrx_word' id='word_1_139' title='bbox 154 2370 225 2427; x_wconf 87' lang='lat' dir='ltr'>facit</span> <span class='ocrx_word' id='word_1_140' title='bbox 250 2368 476 2427; x_wconf 88' lang='lat' dir='ltr'>adolescentium</span> <span class='ocrx_word' id='word_1_141' title='bbox 498 2367 738 2444; x_wconf 88' lang='lat' dir='ltr'>impudentiorem</span> <span class='ocrx_word' id='word_1_142' title='bbox 756 2366 938 2442; x_wconf 74' lang='lat' dir='ltr'>intempe-20</span> 
     </span>
     <span class='ocr_line' id='line_1_22' title="bbox 100 2466 235 2524; baseline 0 -1"><span class='ocrx_word' id='word_1_143' title='bbox 100 2466 235 2524; x_wconf 77' lang='lat' dir='ltr'>tantiam.</span> 
     </span>
    </p>

    <p class='ocr_par' dir='ltr' id='par_1_4' title="bbox 100 2561 938 3119">
     <span class='ocr_line' id='line_1_23' title="bbox 141 2561 891 2639; baseline -0.001 -20"><span class='ocrx_word' id='word_1_144' title='bbox 141 2563 190 2619; x_wconf 90' lang='lat' dir='ltr'>Ac</span> <span class='ocrx_word' id='word_1_145' title='bbox 198 2581 235 2618; x_wconf 89' lang='lat' dir='ltr'>ne</span> <span class='ocrx_word' id='word_1_146' title='bbox 243 2561 434 2636; x_wconf 88' lang='lat' dir='ltr'>illudqnidem</span> <span class='ocrx_word' id='word_1_147' title='bbox 442 2562 567 2619; x_wconf 85' lang='lat' dir='ltr'>alienum</span> <span class='ocrx_word' id='word_1_148' title='bbox 575 2561 891 2639; x_wconf 84' lang='lat' dir='ltr'>est,demagitratuum,</span> 
     </span>
     <span class='ocr_line' id='line_1_24' title="bbox 101 2654 893 2738; baseline -0.004 -22"><span class='ocrx_word' id='word_1_149' title='bbox 101 2659 139 2716; x_wconf 93' lang='lat' dir='ltr'>de</span> <span class='ocrx_word' id='word_1_150' title='bbox 147 2658 335 2734; x_wconf 87' lang='lat' dir='ltr'>privatorum,</span> <span class='ocrx_word' id='word_1_151' title='bbox 348 2654 398 2732; x_wconf 81' lang='lat' dir='ltr'>[de</span> <span class='ocrx_word' id='word_1_152' title='bbox 409 2657 541 2738; x_wconf 70' lang='lat' dir='ltr'>civium]</span> <span class='ocrx_word' id='word_1_153' title='bbox 557 2658 594 2715; x_wconf 91' lang='lat' dir='ltr'>de</span> <span class='ocrx_word' id='word_1_154' title='bbox 607 2658 824 2735; x_wconf 84' lang='lat' dir='ltr'>peregrinorum</span> <span class='ocrx_word' id='word_1_155' title='bbox 833 2657 893 2714; x_wconf 86' lang='lat' dir='ltr'>offi-</span> 
     </span>
     <span class='ocr_line' id='line_1_25' title="bbox 101 2752 893 2831; baseline -0.003 -19"><span class='ocrx_word' id='word_1_156' title='bbox 101 2754 158 2813; x_wconf 87' lang='lat' dir='ltr'>ciis</span> <span class='ocrx_word' id='word_1_157' title='bbox 177 2754 285 2811; x_wconf 90' lang='lat' dir='ltr'>dicere.</span> <span class='ocrx_word' id='word_1_158' title='bbox 326 2752 380 2810; x_wconf 84' lang='lat' dir='ltr'>Est</span> <span class='ocrx_word' id='word_1_159' title='bbox 396 2753 482 2831; x_wconf 85' lang='lat' dir='ltr'>igitur</span> <span class='ocrx_word' id='word_1_160' title='bbox 501 2754 649 2830; x_wconf 89' lang='lat' dir='ltr'>proprium</span> <span class='ocrx_word' id='word_1_161' title='bbox 667 2772 772 2810; x_wconf 88' lang='lat' dir='ltr'>munus</span> <span class='ocrx_word' id='word_1_162' title='bbox 789 2753 893 2830; x_wconf 86' lang='lat' dir='ltr'>magis·</span> 
     </span>
     <span class='ocr_line' id='line_1_26' title="bbox 100 2847 938 2926; baseline 0.002 -18"><span class='ocrx_word' id='word_1_163' title='bbox 100 2851 205 2922; x_wconf 78' lang='lat' dir='ltr'>tratris,</span> <span class='ocrx_word' id='word_1_164' title='bbox 220 2850 392 2926; x_wconf 83' lang='lat' dir='ltr'>intelligere,</span> <span class='ocrx_word' id='word_1_165' title='bbox 410 2868 441 2906; x_wconf 91' lang='lat' dir='ltr'>se</span> <span class='ocrx_word' id='word_1_166' title='bbox 463 2868 563 2926; x_wconf 83' lang='lat' dir='ltr'>gerere</span> <span class='ocrx_word' id='word_1_167' title='bbox 583 2868 736 2925; x_wconf 86' lang='lat' dir='ltr'>personam</span> <span class='ocrx_word' id='word_1_168' title='bbox 758 2847 938 2924; x_wconf 57' lang='lat' dir='ltr'>eivitatium</span> 
     </span>
     <span class='ocr_line' id='line_1_27' title="bbox 101 2945 891 3023; baseline -0.003 -18"><span class='ocrx_word' id='word_1_169' title='bbox 101 2948 268 3021; x_wconf 88' lang='lat' dir='ltr'>debereque</span> <span class='ocrx_word' id='word_1_170' title='bbox 295 2945 357 3022; x_wconf 89' lang='lat' dir='ltr'>ejus</span> <span class='ocrx_word' id='word_1_171' title='bbox 384 2945 554 3023; x_wconf 83' lang='lat' dir='ltr'>dignitatem</span> <span class='ocrx_word' id='word_1_172' title='bbox 576 2956 605 3003; x_wconf 90' lang='lat' dir='ltr'>et</span> <span class='ocrx_word' id='word_1_173' title='bbox 626 2946 714 3002; x_wconf 90' lang='lat' dir='ltr'>decus</span> <span class='ocrx_word' id='word_1_174' title='bbox 740 2945 891 3018; x_wconf 86' lang='lat' dir='ltr'>sustinere,</span> 
     </span>
     <span class='ocr_line' id='line_1_28' title="bbox 102 3040 893 3119; baseline -0.001 -19"><span class='ocrx_word' id='word_1_175' title='bbox 102 3061 219 3101; x_wconf 86' lang='lat' dir='ltr'>servare</span> <span class='ocrx_word' id='word_1_176' title='bbox 233 3042 322 3119; x_wconf 85' lang='lat' dir='ltr'>leges,</span> <span class='ocrx_word' id='word_1_177' title='bbox 335 3041 401 3118; x_wconf 85' lang='lat' dir='ltr'>jura</span> <span class='ocrx_word' id='word_1_178' title='bbox 420 3041 594 3112; x_wconf 87' lang='lat' dir='ltr'>describere,</span> <span class='ocrx_word' id='word_1_179' title='bbox 610 3060 645 3098; x_wconf 90' lang='lat' dir='ltr'>ea</span> <span class='ocrx_word' id='word_1_180' title='bbox 662 3040 729 3098; x_wconf 89' lang='lat' dir='ltr'>fidei</span> <span class='ocrx_word' id='word_1_181' title='bbox 743 3061 801 3099; x_wconf 87' lang='lat' dir='ltr'>suae</span> <span class='ocrx_word' id='word_1_182' title='bbox 816 3060 893 3099; x_wconf 89' lang='lat' dir='ltr'>com·</span> 
     </span>
    </p>

    <p class='ocr_par' dir='ltr' id='par_1_5' title="bbox 11 3119 893 3215">
     <span class='ocr_line' id='line_1_29' title="bbox 11 3119 893 3215; baseline -0.006 -17"><span class='ocrx_word' id='word_1_183' title='bbox 11 3175 12 3182; x_wconf 26' lang='grc' dir='ltr'><strong>κ</strong></span> <span class='ocrx_word' id='word_1_184' title='bbox 102 3139 194 3198; x_wconf 88' lang='lat' dir='ltr'>missa</span> <span class='ocrx_word' id='word_1_185' title='bbox 206 3137 382 3197; x_wconf 85' lang='lat' dir='ltr'>meminisse.</span> <span class='ocrx_word' id='word_1_186' title='bbox 422 3136 570 3195; x_wconf 87' lang='lat' dir='ltr'>Privatum</span> <span class='ocrx_word' id='word_1_187' title='bbox 582 3146 677 3195; x_wconf 89' lang='lat' dir='ltr'>autem</span> <span class='ocrx_word' id='word_1_188' title='bbox 690 3146 803 3215; x_wconf 87' lang='lat' dir='ltr'>oportet</span> <span class='ocrx_word' id='word_1_189' title='bbox 811 3119 893 3210; x_wconf 75' lang='lat' dir='ltr'>eqdo</span> 
     </span>
    </p>
   </div>
   <div class='ocr_carea' id='block_1_3' title="bbox 0 0 1094 3609">
    <p class='ocr_par' dir='ltr' id='par_1_6' title="bbox 0 0 1094 3609">
     <span class='ocr_line' id='line_1_30' title="bbox 0 0 1094 3609; baseline 0 0"><span class='ocrx_word' id='word_1_190' title='bbox 0 0 1094 3609; x_wconf 95' lang='lat' dir='ltr'> </span> 
     </span>
    </p>
   </div>
  </div>
 </body>
</html>
