2167 3609
97 355 182 417 nn]
390 359 433 405 nn
455 359 601 406 osmous.
868 345 935 403 .ll7

97 508 272 579 ulciscendi,
295 518 327 565 ut
349 509 406 566 duo
428 508 560 579 Luculli;
592 518 641 565 ent
662 506 833 583 patrocinio,
855 516 888 564 nt

97 623 154 660 nos
177 623 230 678 pro
252 604 369 676 Siculis,
393 602 459 681 [pro
480 604 595 674 Sardis;
624 623 675 680 pro
696 602 738 661 M.
760 603 888 661 Albucio

98 700 219 779 Julius]
274 699 308 757 In
334 701 497 758 accusando
521 701 608 757 etiam
632 698 672 757 Μ’
698 700 827 774 Aquilio,
852 700 885 757 L.

98 796 177 852 Fufii
199 796 317 872 cognita
339 796 480 853 industrie
502 807 553 854 est.
596 796 692 853 Semel
717 796 814 873 igitur,
838 806 887 853 aut

97 911 155 948 non
185 911 261 967 saepe
288 902 383 949 certe:
418 893 463 949 sin
489 894 554 964 erit,
582 892 630 949 cui
658 891 822 950 faciendum
849 892 918 950 sito

97 988 215 1063 saepius,
240 988 405 1064 reipublice
428 990 535 1046 tribuat
559 989 616 1046 hoc
643 987 780 1059 muneris,
805 987 887 1064 cujus

98 1084 234 1141 inimicos
245 1084 346 1142 ulcisci
358 1084 471 1161 saepius,
483 1104 541 1142 non
553 1095 596 1143 est
609 1083 886 1160 reprehendendum.

97 1178 208 1237 Modus
235 1190 331 1238 tamen
359 1181 448 1238 adsit:
484 1181 549 1237 duri
576 1180 653 1238 enim
680 1180 815 1252 hominis,
842 1179 887 1237 vel

96 1275 194 1352 potius
222 1276 268 1333 rix
295 1276 429 1348 hominis,
453 1276 574 1349 videtur,
597 1276 757 1353 periculum
785 1276 887 1352 capitis

98 1373 207 1429 inferre
231 1372 336 1431 multis.
387 1372 423 1430 Id
447 1392 514 1430 cum
538 1373 731 1449 periculosum
755 1371 810 1449 ipsi
833 1382 886 1445 est,
903 1377 934 1428 1⁰

98 1478 161 1526 tum
183 1468 270 1525 etiam
292 1468 438 1527 sordidum
461 1469 497 1525 ad
518 1469 633 1540 famum,
652 1468 841 1541 committere,
856 1477 888 1526 nt

100 1575 252 1623 accusator
276 1565 442 1635 nominere;
473 1565 549 1640 quod
574 1564 696 1642 contigit
719 1563 762 1621 Μ.
785 1564 886 1636 Bruto,

98 1680 213 1718 summo
233 1680 339 1737 genere
360 1671 439 1733 ueto,
454 1660 531 1718 illius
552 1661 620 1734 filio,
635 1661 685 1737 qui
703 1661 776 1739 juris
794 1660 887 1720 civilis

98 1758 130 1816 in
144 1757 245 1832 primis
258 1757 367 1833 peritus
380 1757 442 1814 fuit.

139 1854 238 1927 Atque
259 1853 346 1910 etiam
369 1854 425 1911 hoc
445 1865 618 1931 praeceptum
632 1853 720 1912 officii
734 1852 887 1932 diligenter
903 1862 934 1911 15

98 1950 257 2007 tenendum
284 1960 338 2021 est,
365 1968 402 2007 ne
429 1969 513 2026 quem
543 1969 670 2025 unquam
704 1951 888 2009 innocentem

96 2045 210 2121 judicio
235 2046 338 2121 capitis
362 2065 505 2103 arcessas:
537 2046 567 2102 id
592 2047 669 2103 enirn
692 2047 755 2103 sine
779 2047 888 2104 scelere

98 2142 162 2199 lieri
189 2143 270 2198 nullo
296 2152 382 2218 pecto
408 2152 509 2219 potest.
560 2141 637 2199 Nam
665 2142 733 2217 quid
760 2154 803 2199 est
828 2153 888 2200 tam

98 2239 301 2310 inhumanum,
329 2258 413 2313 quem
440 2237 643 2313 eloquentiam,
672 2257 689 2294 e
714 2238 826 2309 nature,
853 2237 888 2294 ed

99 2336 223 2392 salutem
242 2334 390 2392 hominum
409 2344 439 2392 et
458 2334 492 2390 ed
512 2333 767 2404 conservationem,
782 2333 887 2404 datam,
903 2336 935 2385 20

100 2430 134 2487 ed
163 2432 306 2488 bonorum
330 2441 439 2506 pestem
463 2429 678 2507 perniciemque
703 2431 889 2487 converterel

98 2527 165 2584 Nec
180 2537 288 2595 tamen,
303 2537 335 2584 ut
348 2527 404 2583 hoc
419 2527 586 2603 fugiendum
601 2536 654 2599 est,
669 2526 709 2585 its
725 2525 889 2586 habendum

99 2633 144 2680 est
178 2623 323 2699 religioni,
351 2634 506 2681 nocentem
540 2623 702 2698 aliquando,
733 2622 818 2680 modo
851 2641 888 2681 ne

100 2719 243 2777 nefarium
260 2719 445 2795 impiumque,
460 2719 623 2776 defendere.
664 2717 735 2776 Vult
748 2719 805 2775 hoc
818 2718 889 2775 mul·

99 2814 211 2885 titudo;
240 2816 348 2890 patitur
366 2815 562 2885 consuetud03
584 2815 639 2871 sert
659 2813 746 2870 etiam
760 2814 889 2872 humeni-
903 2816 935 2866 ὅ

99 2922 152 2969 tas.
194 2910 310 2967 Judicis
330 2921 382 2983 est,
397 2929 508 2987 semper
525 2911 555 2967 in
570 2910 665 2968 causis
679 2927 776 2967 verum
790 2910 887 2986 sequi3

98 3008 225 3084 petroni,
240 3026 447 3082 nonnunquam
468 3007 632 3078 verisimile,
646 3005 733 3064 etiam
750 3006 775 3064 si
793 3007 889 3065 minus

100 3103 137 3163 sit
152 3122 263 3177 verum,
278 3103 449 3163 defendere:
471 3103 549 3180 quod
570 3102 696 3162 scribere
719 3100 890 3183 (presertim
