2167 3609
136 329 193 391 152
467 340 511 386 uu
532 338 679 386 ormena.
876 336 917 397 [u.
927 336 971 383 111.

219 490 343 562 Deinde,
367 491 416 565 qui
445 491 566 548 alterum
592 491 690 561 violat,
711 499 743 548 ut
771 490 832 565 ipse
861 487 971 562 aliquid

179 587 325 646 commodi
359 599 561 663 consequatur,
592 597 640 645 aut
666 586 738 643 nihil
766 604 797 642 ee
824 585 972 642 existimat

179 694 279 741 eontra
306 695 436 741 naturam
463 684 570 754 facere,
599 693 648 740 aut
673 682 766 758 magia
801 680 971 758 fugiendam

178 790 277 837 censet
298 791 428 850 mortem,
450 789 657 855 paupertatem,
679 779 818 849 dolorem,
840 777 972 835 amissio·

148 883 244 933 5uem
259 877 345 933 etiam
364 876 530 946 liberorum,
545 876 781 951 propinquorum,
797 874 969 945 amicorum,

178 991 264 1046 quam
285 973 380 1030 faeere
400 972 528 1047 cuipiam
548 972 690 1047 injuriam.
732 971 765 1028 Si
778 970 850 1027 nihil
871 970 972 1027 existi·

178 1079 237 1126 mat
258 1081 360 1127 eontra
380 1080 512 1126 naturam
538 1069 601 1126 fieri
628 1067 794 1125 hominibus
815 1066 970 1137 violandis,

178 1166 247 1241 quid
275 1185 342 1224 eum
369 1185 405 1222 eo
432 1166 567 1236 disseras,
598 1165 647 1240 qui
674 1164 793 1222 omnino
820 1164 971 1221 huminem

178 1282 214 1319 ex
235 1263 351 1319 homine
372 1262 473 1319 tollat?
527 1263 579 1320 Sin
607 1262 775 1339 fugiendum
797 1261 826 1318 id
850 1260 969 1335 quidem

134 1367 164 1417 10
179 1369 287 1427 censet,
302 1359 352 1415 sed
367 1368 397 1415 et
410 1358 501 1415 multo
515 1358 565 1415 illu
579 1358 687 1434 pejora,
702 1369 833 1427 mortem,
848 1375 969 1432 pauper·

177 1464 275 1525 tatem,
296 1453 441 1524 dolorem3
470 1464 546 1511 errat
573 1454 602 1511 iu
630 1473 676 1524 eo,
697 1454 774 1528 quod
801 1453 890 1510 ullum
919 1463 968 1512 aut

178 1551 307 1626 eorporis
329 1561 377 1608 aut
398 1551 518 1609 fortune
538 1550 640 1608 vitium
655 1551 742 1608 animi
756 1550 832 1608 vitiis
851 1550 968 1627 gravius

177 1658 329 1706 extatrmat.

216 1841 269 1899 VI.
293 1841 372 1920 Ergo
393 1862 482 1900 unum
503 1844 590 1901 debet
610 1862 673 1901 esse
694 1842 828 1900 omuibus
841 1841 969 1918 proposi·

132 1945 163 1993 15
177 1948 248 2010 tum,
263 1949 295 1997 ut
315 1940 415 1997 eadem
437 1941 474 1997 sit
495 1941 602 1998 utilitas
624 1940 847 2016 uniuscujusque
861 1950 890 1996 et
905 1938 969 1996 uni·

177 2054 340 2106 versorum3
362 2056 447 2111 quam
469 2038 493 2094 si
515 2038 550 2094 ad
565 2036 729 2113 aequisque
750 2035 850 2111 rapiat,
865 2034 969 2092 dissol-

177 2143 258 2189 vetur
273 2134 367 2190 omnis
380 2134 506 2190 humana
519 2133 675 2190 consortio.
718 2134 824 2208 Atque,
839 2131 967 2188 aretiam

177 2228 234 2286 hoe
248 2240 352 2287 natura
371 2231 540 2306 praescribit,
556 2240 588 2288 ut
601 2230 689 2287 homo
702 2229 822 2300 homiui,
837 2229 969 2304 quicum·

177 2344 233 2400 que
247 2326 293 2397 sit,
308 2327 347 2383 ob
360 2346 425 2384 eam
439 2327 529 2402 ipsam
546 2346 673 2396 eausam,
686 2325 764 2401 quod
779 2326 803 2382 ie
817 2326 904 2382 humo
918 2325 967 2396 eit,

129 2436 162 2486 20
176 2422 337 2479 consultum
351 2423 419 2479 velit
428 2443 435 2492 ;
456 2441 577 2479 neeesse
595 2432 649 2493 est,
664 2421 822 2479 seeundum
844 2420 967 2478 eandem

175 2529 316 2589 naturam,
345 2519 473 2575 omnium
502 2519 652 2575 utilitatem
680 2537 744 2575 esse
773 2536 966 2576 communem.

174 2613 264 2675 Quod
278 2615 302 2672 si
317 2615 358 2671 ita
370 2625 424 2686 est,
436 2616 495 2673 una
508 2616 692 2673 continemur
705 2634 806 2672 omnes
819 2624 849 2671 et
862 2614 967 2671 eadem

176 2709 240 2785 lege
253 2721 380 2768 naturae:
402 2712 489 2786 idque
504 2712 596 2788 ipsum
611 2712 635 2769 si
650 2712 691 2769 ita
703 2721 756 2783 est,
768 2721 846 2770 certe
858 2711 968 2769 violare

177 2805 295 2862 alterum
311 2807 375 2884 lege
390 2819 498 2866 naturae
512 2808 705 2884 prohibemur.
747 2808 855 2866 Verum
869 2818 968 2865 autem

128 2903 162 2952 25
175 2899 316 2975 primum:
337 2921 434 2960 verum
450 2903 538 2980 igitur
553 2913 581 2961 et
595 2914 762 2962 extremum.
804 2904 834 2960 N
837 2922 882 2961 um
894 2903 968 2961 illud

175 2995 290 3071 quidem
312 2999 466 3056 absurdum
487 3011 540 3072 est,
555 3000 632 3076 quod
652 3000 767 3078 quidam
788 3001 901 3073 dicunt,
918 3020 968 3077 pa·

176 3091 250 3152 renti
264 3110 294 3150 se
310 3103 359 3150 aut
372 3094 451 3154 fratri
465 3097 537 3154 nihil
552 3097 742 3171 detracturos,
757 3097 904 3157 commodi
918 3096 967 3156 eui
