2167 3609
158 352 214 410 118
490 359 534 407 nn
557 358 702 407 ormena.
912 359 953 420 [u.
963 360 996 407 11.

201 527 267 565 cum
292 509 328 565 de
351 509 534 585 philosophia
562 510 731 589 scriberem)
754 528 813 566 non
842 509 993 581 auderem,

201 605 257 661 nisi
272 606 347 663 idem
360 606 488 680 placeret
510 607 678 683 gravissimo
701 608 876 678 Stoicorum,
891 606 995 663 Panae-

202 702 252 757 tio.
302 701 429 758 Maxime
453 713 547 759 autem
563 713 591 759 et
605 702 697 779 gloria
716 704 824 778 paritur
846 714 876 759 et
897 703 995 780 gratia

202 797 433 867 defensionibus3
455 817 546 873 eoque
568 798 667 874 major,
687 798 711 854 si
734 798 849 873 quando
871 797 992 869 accidit,

171 903 234 951 5ut
256 895 283 951 ei
305 895 497 965 subveniatur,
521 894 569 968 qui
592 895 717 969 potentis
742 895 862 971 alicujus
886 893 993 970 opibus

202 990 404 1048 circumveniri
426 990 577 1066 urgerique
591 991 737 1048 videatur:
759 1001 790 1047 ut
804 1009 857 1046 nos
871 1000 900 1046 et
914 1008 992 1065 saepe

204 1088 282 1159 alias,
298 1097 327 1144 et
342 1087 547 1158 adolescentes
563 1097 664 1144 contra
686 1086 717 1143 L.
733 1087 820 1144 Sullae
840 1086 993 1143 dominan-

203 1185 240 1241 tis
254 1202 332 1259 opes,
345 1201 398 1258 pro
420 1184 449 1240 S.
465 1183 575 1240 Roscio
595 1184 735 1240 Amerino
757 1184 893 1240 fecimus:
914 1201 991 1259 quae,

203 1291 236 1336 ut
249 1281 316 1351 scis,
331 1289 421 1337 exstat
435 1280 535 1337 oratic.

157 1483 189 1532 10
242 1472 308 1530 XV.
331 1473 399 1545 Sed,
415 1474 550 1550 expositis
571 1473 795 1531 adolescentium
809 1472 911 1530 officiis
926 1492 990 1547 quae

203 1569 316 1626 valeant
341 1570 374 1626 ad
400 1571 519 1648 gloriam
546 1570 768 1646 adipiscendam,
791 1569 928 1645 deinceps
953 1569 989 1627 de

203 1666 396 1723 beneficentia
419 1687 452 1724 ao
472 1667 641 1725 liberalitate
656 1666 810 1723 dicendum
824 1676 883 1735 est;
905 1666 990 1742 cujus

204 1771 248 1819 est
274 1763 347 1819 ratio
374 1764 495 1839 duplex:
529 1783 595 1821 nam
624 1772 672 1820 aut
699 1762 785 1838 operd
809 1763 934 1838 benigne
957 1762 990 1819 fit

205 1858 409 1934 indigentibus
439 1870 487 1917 aut
514 1858 649 1935 pecunid.
703 1858 829 1916 Facilior
856 1868 899 1915 est
926 1858 989 1916 haec

158 1955 190 2004 15
203 1955 353 2029 posterior,
376 1954 510 2031 locupleti
531 1955 705 2031 praesertim:
734 1954 784 2010 sed
812 1954 860 2012 illa
886 1954 990 2012 lautior

206 2071 240 2108 ac
267 2051 452 2127 splendidior,
477 2063 506 2109 et
530 2052 591 2109 viro
617 2051 682 2108 sorti
710 2051 844 2126 claroque
865 2051 988 2128 dignior.

204 2147 379 2225 Quanquam
403 2150 479 2206 enim
504 2149 533 2206 iu
561 2159 682 2222 utroque
708 2147 782 2204 inest
809 2147 990 2225 gratificandi

204 2244 330 2303 liberalis
344 2246 482 2317 voluntas,
497 2255 593 2302 tamen
609 2244 697 2301 altera
710 2264 745 2301 ex
760 2244 836 2315 arca,
852 2244 941 2301 altera
954 2263 990 2302 ex

204 2343 317 2413 virtute,
341 2343 532 2418 depromitur:
564 2340 743 2417 largitioque,
766 2360 829 2416 quae
850 2340 881 2398 fit
903 2360 938 2398 ex
958 2360 989 2400 re

157 2445 190 2493 20
206 2438 348 2509 familiari,
374 2438 482 2495 sontem
513 2439 606 2513 ipsum
638 2437 823 2512 benignitatis
849 2438 988 2495 exhaurit.

204 2533 250 2591 Ita
271 2534 448 2610 benignitate
470 2533 633 2610 benignitas
654 2534 778 2604 tollitur3
801 2534 856 2608 quai
879 2553 935 2608 quo
958 2534 988 2592 in

204 2631 299 2707 plures
312 2650 380 2687 usus
394 2631 443 2702 sis,
458 2649 493 2688 eo
506 2631 603 2687 minus
617 2630 647 2687 in
661 2630 766 2687 multos
779 2630 821 2687 uti
835 2631 934 2705 possis.

244 2727 285 2783 At
311 2726 359 2802 qui
390 2727 486 2802 opera,
515 2727 542 2783 id
572 2738 625 2799 est,
652 2726 756 2784 virtute
783 2736 812 2783 et
839 2726 987 2799 industrie,

169 2882 173 2892 ,
204 2820 327 2880 benefici
341 2833 370 2880 et
383 2823 515 2881 liberales
529 2834 622 2895 erunt,
636 2823 768 2899 primum,
784 2841 841 2897 quo
861 2821 989 2898 pluribus

158 2924 191 2976 25
204 2917 371 2994 profuerint,
401 2938 436 2977 eo
468 2919 565 2995 plures
600 2919 634 2977 ad
668 2918 793 2995 benigne
826 2917 988 2977 faciendum

206 3013 350 3088 adjutores
368 3014 531 3073 habebunt:
553 3015 667 3085 deinde,
682 3013 892 3072 consuetudine
907 3016 990 3074 bene·

205 3109 338 3182 ficentiae,
351 3112 509 3186 paratiores
530 3120 624 3183 erunt,
646 3119 674 3169 et
695 3119 832 3186 tanquam
853 3111 990 3171 exercita·
