2167 3609
95 350 119 398 e.
131 349 188 411 m]
399 349 442 399 mr
463 343 611 398 ormena.
876 332 931 393 1⁶1
958 328 974 342 '

94 500 187 559 multo
213 499 307 577 magis
333 499 423 577 exigit
443 500 506 576 ipsa
524 510 635 557 nature
655 493 739 569 ratio,
760 513 824 573 que
844 506 888 554 est

94 597 142 655 lex
175 596 274 654 divina
299 607 329 653 et
355 596 498 667 humaua;
534 595 583 653 cui
600 613 716 674 ⁴parere
744 594 793 670 qui
820 592 889 651 velit

11 699 14 708 '
96 692 215 771 (omnes
230 704 325 750 autem
339 694 489 769 parebunt,
504 692 553 768 qui
574 691 735 749 secuudum
755 701 888 748 naturam

96 790 194 847 volent
215 790 336 868 rivere),
351 808 498 864 nunquam
519 789 691 858 committet,
710 797 742 844 ut
763 786 889 843 alienum

96 896 224 963 appetat,
245 896 275 943 et
302 886 341 958 id,
363 886 440 962 quod
469 885 550 943 alteri
577 884 741 952 detraxerit,
764 882 820 940 sibi
847 890 919 940 aec

95 994 202 1040 sumat.

136 1077 256 1136 Etenim
283 1079 374 1137 multo
393 1079 486 1156 magis
505 1088 549 1136 est
569 1077 729 1136 secundum
756 1085 890 1135 naturam

95 1176 251 1236 excelsitas
273 1176 360 1233 animi
374 1188 404 1233 et
417 1176 597 1253 magnitudo,
612 1176 737 1250 itemque
757 1173 890 1245 comitas,

94 1271 216 1349 justitia,
237 1272 403 1345 liberalitas,
428 1291 514 1347 quarn
541 1272 681 1347 voluptas,
709 1288 794 1345 quam
821 1270 889 1341 vita,

66 1409 69 1414 -
97 1387 184 1444 quam
204 1366 329 1426 divitie:
354 1387 417 1443 quae
437 1369 554 1444 quidem
575 1378 768 1437 contemnere,
789 1376 819 1424 et
837 1384 890 1443 pro
904 1370 936 1421 1⁰

97 1465 189 1524 nihilo
210 1456 327 1537 ducere,
344 1477 560 1541 comparantem
580 1484 648 1522 oum
668 1465 792 1522 utilitate
812 1482 891 1521 com·

97 1560 189 1632 muni,
217 1562 315 1639 magni
343 1562 430 1619 animi
457 1571 487 1618 et
513 1561 622 1618 excelsi
648 1571 708 1631 θεῖς
739 1560 890 1617 detrahere

98 1667 195 1715 autem
231 1658 311 1715 alteri
346 1658 390 1715 aui
424 1657 571 1714 commodi
600 1657 699 1729 causti,
727 1656 819 1733 magis
846 1665 890 1712 est

97 1763 202 1811 contra
221 1764 361 1825 naturam,
381 1773 466 1828 quam
488 1770 575 1825 mors,
590 1772 675 1828 quam
699 1753 789 1825 dolor,
804 1770 890 1828 quam

98 1861 206 1908 caetera
219 1850 332 1927 generis
346 1851 482 1926 ejusdem.
906 1855 937 1905 15

137 1945 278 2023 Itemque,
299 1946 391 2023 magis
414 1957 458 2004 est
485 1946 648 2004 secundum
673 1956 817 2017 naturam,
837 1962 891 2021 pro

97 2043 234 2102 omnibus
260 2043 394 2120 gentibus
416 2041 454 2120 (si
474 2044 536 2100 fieri
559 2043 664 2121 possit)
686 2041 891 2100 conservandis

98 2151 149 2201 aut
166 2140 310 2217 juvandis,
324 2139 463 2196 maximos
483 2139 598 2196 labores
614 2138 817 2211 molestiasque
831 2155 892 2194 sus·

97 2235 207 2311 cipere,
229 2235 388 2292 imitantem
410 2234 569 2292 Herculem
590 2233 681 2302 illum,
696 2251 781 2307 quem
802 2230 893 2287 homi·

97 2350 169 2389 num
204 2331 288 2402 fama,
317 2331 526 2388 beneficiorum
559 2347 678 2399 memor,
706 2329 737 2385 in
764 2326 938 2386 conciliem

6 2462 7 2467 κ
97 2427 260 2485 coelestium
281 2427 449 2497 collocavit;
472 2446 559 2502 quam
572 2426 667 2483 rivere
681 2425 711 2483 in
726 2423 891 2493 solitudine,

97 2544 157 2584 non
185 2525 273 2582 modo
305 2525 368 2581 sine
395 2524 462 2581 ullis
491 2523 640 2594 molestiis,
668 2523 719 2580 sed
746 2522 834 2580 etiam
860 2519 892 2578 in

98 2621 232 2680 maximis
251 2621 455 2697 voluptatibus,
474 2621 668 2679 abundantem
689 2620 823 2678 omnibus
844 2635 892 2675 co·

97 2719 171 2796 piis3
194 2729 224 2777 ut
238 2719 363 2776 excellas
383 2718 470 2775 etiam
489 2717 715 2794 pulchritudine,
731 2725 761 2773 et
774 2714 890 2771 viribus.

97 2812 260 2885 Quocirca,
295 2812 405 2888 optimo
438 2812 559 2887 quisque
594 2822 623 2868 et
659 2809 937 2885 splendidissimum

98 2907 219 2987 ingenio
239 2910 326 2986 longe
348 2908 425 2966 illam
446 2909 534 2966 vitam
555 2908 623 2965 huic
645 2907 800 2983 anteponit.
846 2905 892 2962 Ex

36 3042 39 3047 -
98 3024 157 3083 quo
190 3005 323 3076 efficitur,
358 3004 514 3076 hominem,
551 3014 660 3062 naturae
697 3002 890 3072 obedientem,

98 3101 211 3161 homini
224 3119 332 3160 nocere
346 3119 406 3159 non
419 3119 512 3176 posse.
