2167 3609
88 365 120 411 n.
131 363 165 423 1.1
380 360 424 407 uu
443 359 590 410 osstcns.
895 350 933 412 19

134 505 196 563 Sed
210 504 357 581 injustitia
370 526 478 585 genera
490 505 549 568 duc
562 518 648 579 aunt3
669 526 760 568 unum
773 524 885 582 acrum,

10 593 12 636 ἶ
91 603 144 677 qui
167 603 294 660 inferunt
305 624 312 674 3
336 604 455 662 alterurn
476 623 586 678 aarum,
600 605 659 682 qui,
675 606 711 663 ab
731 606 767 664 iis
780 606 886 683 quibus

10 705 11 732 ³
94 700 260 771 infertnr‚si
268 701 389 776 possint,
397 721 455 759 non
463 703 632 778 propulsant
641 703 784 779 injuriam.
806 702 886 761 Nam

10 803 12 822 ²
94 797 144 870 qni
167 796 271 872 injuste
293 797 432 872 impetum
452 799 482 857 in
503 799 667 875 quempiam
685 799 764 873 facit,
780 810 829 859 aut
841 799 886 860 itt

96 903 145 949 aut
161 893 255 969 aliquit
268 895 484 969 perturbatione
495 896 642 970 incitatus,
654 896 770 972 isquasi
783 915 886 956 manus
898 911 916 962 5

97 990 200 1046 afferre
219 990 331 1048 videtur
352 992 448 1049 socio:
466 991 526 1067 .qui
551 1000 647 1050 antam
666 1009 727 1050 non
747 992 885 1067 defendit,

10 1153 12 1158 Ι
97 1104 156 1142 nec
175 1086 294 1158 obsistit,
310 1088 335 1145 si
354 1097 458 1163 potest,
474 1088 598 1164 injuriae,
611 1098 671 1146 tam
690 1097 735 1146 eat
754 1088 785 1146 in
804 1089 885 1162 vitio,

10 1175 11 1178 ’
96 1201 182 1256 quam
196 1183 220 1240 si
233 1194 376 1259 parentes,
390 1196 438 1252 ant
451 1185 583 1261 patriam,
596 1194 645 1243 ant
654 1185 751 1243 socios
764 1184 885 1245 deserat.

10 1279 12 1282 ’
95 1280 193 1354 Atque
215 1280 269 1338 illae
290 1281 406 1356 quidem
428 1282 550 1357 injuriae,
565 1302 628 1357 quae
648 1282 776 1341 nocendi
796 1281 886 1341 causi

95 1376 131 1432 dc
156 1377 299 1434 industria
323 1378 494 1450 inferuntur,
519 1397 595 1454 saepe
617 1398 634 1436 a
656 1389 735 1437 metu
757 1379 886 1456 proficis·
899 1385 930 1437 1⁰

10 1529 11 1532 ,
94 1483 216 1542 cuntur;
239 1492 305 1531 cum
320 1474 418 1554 inqui
434 1493 540 1532 nocere
562 1475 643 1533 alteri
657 1475 777 1553 cogitat,
791 1476 884 1550 timet,

10 1559 11 1562 ¹
93 1588 141 1641 ne,
159 1570 216 1628 nisi
237 1570 267 1628 id
288 1571 398 1643 fecerit,
414 1571 475 1646 ipse
497 1571 592 1647 aliquo
615 1572 755 1630 afficiatur
775 1573 886 1630 incom-

93 1667 191 1724 modo.
233 1665 391 1725 Maximam
409 1678 504 1725 autem
521 1679 632 1745 partem
647 1669 682 1727 ad
697 1669 831 1746 injuriam
845 1669 885 1727 sa·

93 1763 229 1820 ciendam
251 1764 465 1841 aggrediuntur,
484 1774 516 1822 ut
537 1765 732 1841 adipiscantur
752 1784 797 1839 ca,
820 1784 883 1841 quae

93 1861 340 1937 concupiverunt:
362 1861 393 1919 in
417 1881 474 1937 quo
488 1862 558 1920 vitio
575 1862 714 1921 latissime
727 1849 807 1940 patet
820 1881 883 1920 ava·
898 1868 929 1920 15

92 1957 168 2015 ritia.

132 2150 216 2209 VIII.
239 2150 419 2226 Expetuntur
441 2162 536 2209 antem
558 2151 664 2209 divitiae
683 2170 750 2209 cum
764 2151 800 2208 ad
814 2171 883 2210 usus

10 2243 11 2246 ’
93 2248 158 2305 vitae
172 2248 362 2319 necessarios,
377 2258 439 2304 tum
458 2246 493 2303 ad
513 2246 701 2321 perfruendas
714 2246 882 2321 voluptates.

10 2363 11 2366 ¹
92 2344 128 2401 In
142 2345 249 2419 quibus
264 2354 359 2401 autem
373 2344 464 2420 major
475 2353 519 2401 cst
531 2342 739 2414 animus,iniis
751 2342 883 2418 pecuniae
974 2406 977 2419 ,

10 2467 17 2491 ι
93 2441 238 2515 cupiditas
258 2450 369 2516 spectat
384 2441 419 2499 nd
436 2459 515 2517 opes,
530 2449 560 2498 ct
581 2441 616 2498 ad
637 2438 819 2517 gratificandi
843 2439 883 2499 fa·
895 2440 928 2493 20

92 2537 247 2607 cultatem;
273 2548 304 2594 nt
326 2556 416 2617 nuper
435 2536 476 2594 M.
495 2537 616 2596 Crassus
639 2538 772 2614 negabat,
793 2537 883 2595 ullam

91 2634 161 2690 satis
182 2652 317 2709 magnam
336 2632 491 2709 pecuniam
506 2634 611 2691 essaei
626 2634 674 2709 qui
688 2633 719 2691 in
733 2633 883 2708 republicti
911 2623 912 2626 ¹

91 2730 229 2804 princeps
249 2728 335 2786 uellet
362 2748 436 2800 esse,
458 2728 540 2805 cujus
561 2729 702 2787 fructibus
722 2729 881 2788 exercitum

92 2826 168 2884 alere
183 2845 240 2884 non
254 2836 360 2901 posset.
401 2825 558 2883 Delectant
570 2826 658 2883 ctiam
672 2825 820 2902 magnifici
834 2845 881 2901 ap·

89 2932 218 2998 paratus,
233 2923 355 2997 vitaequc
376 2923 471 2980 cultus
492 2941 559 2980 cum
575 2921 719 2999 elegantia
731 2931 762 2980 et
775 2922 879 2998 copia:
894 2932 927 2983 25

90 3018 195 3094 quibus
216 3019 304 3077 rebus
324 3019 459 3078 effectum
483 3029 536 3091 est,
561 3027 593 3076 ut
614 3018 727 3076 infinita
748 3018 881 3095 pecunia

10 3129 12 3206 p
89 3114 237 3194 cupiditas
255 3125 341 3178 esset.
381 3114 448 3176 Nec
461 3132 530 3178 vexo
549 3113 593 3175 tei
612 3112 762 3174 familiaris
782 3110 880 3189 ampli·
