2167 3609
175 365 233 428 18⁰
507 377 551 424 m:
572 375 717 424 ossrcras.
912 372 1003 434 [nm.

218 536 251 586 nt
271 545 318 584 res
343 526 505 585 nummaria
530 526 568 585 ds
594 525 740 585 communi
765 523 909 582 sententid
936 541 1003 581 con·

218 624 390 683 stitueretur.
447 623 616 681 lactabatur
642 623 718 680 enim
746 622 921 697 temporibus
947 620 1003 677 illis

217 740 361 793 nummus,
376 720 429 788 sic,
443 730 475 778 ut
488 738 574 776 nemo
586 730 682 796 posset
695 719 780 788 scire,
792 718 860 793 quid
875 718 1001 776 haberet
1074 795 1076 798 Ι

218 816 457 893 Conscripserunt
471 816 660 875 communiter
679 815 816 886 edictum,
832 834 897 873 curn
916 814 1002 890 prend

187 923 203 971 5
219 924 301 989 atque
312 914 437 991 judici03
459 913 736 988 constitueruntque,
751 923 783 968 ut
795 930 896 969 omnes
915 911 1000 968 simul

218 1009 248 1067 in
268 1009 376 1067 Rostra
394 1021 458 1087 post
472 1009 620 1066 meridiem
634 1009 839 1066 escenderent:
860 1018 889 1065 et
904 1008 1001 1065 caeteri

217 1106 332 1182 quidem
353 1106 424 1164 alius
443 1106 516 1176 alio,
537 1105 648 1162 Marius
663 1104 835 1162 asubselliis
849 1104 878 1161 in
892 1103 1003 1161 Rostra

217 1204 313 1273 recti;
348 1202 442 1278 idque,
475 1203 553 1278 quod
586 1201 776 1259 communiter
810 1200 1002 1276 compositum

218 1297 318 1369 suerat,
343 1299 420 1355 solus
444 1298 541 1356 edixit.
582 1298 620 1355 Et
643 1316 679 1355 ea
701 1316 747 1354 res
772 1296 810 1372 (si
833 1296 951 1376 queris)
973 1298 1001 1353 ei

145 1391 151 1405 '
172 1401 203 1451 10
216 1412 321 1471 magno
341 1394 440 1452 honori
464 1395 534 1452 suit:
561 1395 694 1452 omnibus
720 1394 792 1451 vicis
818 1403 935 1463 stature3
965 1393 1001 1450 ad

216 1507 265 1547 eas
279 1491 354 1561 thus,
369 1500 398 1548 et
411 1489 497 1548 cerei.
537 1489 620 1550 Quid
639 1489 749 1546 multal
769 1507 854 1546 nemo
873 1508 1001 1564 unquam

217 1587 390 1644 multitudini
405 1586 459 1643 fuit
472 1586 573 1643 carior.

256 1683 329 1740 Haec
350 1694 425 1754 sunt,
440 1702 502 1759 quae
521 1683 694 1740 conturbant
707 1681 836 1740 homines
850 1681 880 1739 in
894 1682 1002 1740 delibe-

216 1778 327 1835 ratione
352 1798 569 1853 nonnunquam,
593 1798 660 1837 cum
684 1779 723 1846 id,
745 1777 775 1836 in
798 1797 855 1854 quo
879 1779 1002 1837 violatur

171 1883 203 1932 15
217 1874 344 1948 equitas,
358 1893 416 1932 non
431 1875 472 1932 ita
485 1894 637 1953 magnum3
659 1875 728 1933 illud
751 1885 855 1947 autem,
869 1877 949 1951 quod
965 1896 1002 1935 ex

216 1987 252 2027 eo
265 1971 383 2046 paritur,
397 1989 594 2049 permagnum,
610 1972 737 2030 videtur:
758 1984 790 2028 ut
810 1971 915 2043 Mario,
929 1992 1003 2048 prte-

216 2065 309 2142 ripere
343 2068 461 2144 collegis
494 2079 522 2125 et
555 2068 678 2125 tribunis
710 2068 802 2144 plebis
833 2069 1002 2145 popularem

216 2163 347 2240 gratiam,
367 2183 426 2221 non
447 2163 487 2222 ita
507 2174 605 2240 turpe3
627 2165 774 2222 consulem
796 2166 833 2222 ob
854 2185 917 2222 eam
939 2185 1003 2224 rem

216 2259 288 2331 fieri,
315 2262 391 2336 quod
419 2245 472 2318 sibi
499 2272 570 2318 tunc
596 2271 790 2337 proposuerat,
818 2262 900 2319 valde
928 2263 1003 2320 utile

169 2355 372 2413 studebatur.
414 2357 471 2414 Sed
493 2358 622 2415 omnium
643 2377 700 2415 una
720 2358 820 2435 regula
838 2369 891 2431 est,
913 2379 1003 2434 quam

216 2449 268 2508 tibi
282 2450 367 2527 cupio
380 2470 443 2508 esse
457 2453 651 2510 notissimam:
674 2463 723 2511 aut
743 2454 823 2525 illud,
838 2456 914 2529 quod
929 2456 1004 2513 utile

216 2545 337 2617 videtur,
352 2555 433 2622 turpe
446 2566 483 2604 ne
497 2548 550 2617 sit;
573 2559 630 2616 aut,
646 2549 669 2606 si
691 2560 773 2625 turpe
787 2560 839 2621 est,
854 2570 892 2608 ne
906 2552 1005 2610 videa·

216 2650 262 2699 tur
282 2660 345 2699 esse
365 2642 443 2701 utile.
496 2643 578 2705 Quid
607 2645 713 2722 igiturl
739 2665 929 2722 possumusne
953 2659 1005 2706 aut

216 2737 296 2794 illum
311 2737 435 2796 Marium
449 2739 541 2797 virum
558 2742 662 2802 bonum
681 2742 821 2818 judicare,
838 2753 887 2800 aut
900 2743 1020 2803 huncl.

169 2844 202 2894 25
216 2830 338 2906 Explica
365 2844 448 2909 atque
474 2845 577 2893 excute
604 2836 822 2914 intelligentiam
850 2849 943 2913 tuam,
971 2850 1006 2898 ut

82 2946 87 2957 ·
151 2997 158 3016 .
217 2925 323 2997 videas,
344 2948 407 3003 que
427 2929 463 2987 sit
484 2930 514 2987 in
534 2932 570 2988 ei
590 2933 710 3008 species,
732 2934 832 3005 forma,
854 2945 884 2992 et
908 2937 1005 3009 notio,

216 3018 269 3076 siri
287 3019 364 3079 boni.
405 3024 491 3082 Cadit
511 3045 580 3103 ergo
595 3028 730 3086 invirum
750 3032 867 3102 bonum,
884 3032 1007 3090 mentiri

216 3113 401 3176 emolumenti
434 3121 479 3177 sui
512 3123 610 3195 causi,
644 3124 801 3199 criminari,
833 3129 1008 3205 preripere,
