2167 3609
890 3349 947 3410 los
571 3359 614 3411 ns
403 3358 549 3410 osricus.
169 3346 209 3410 [t.
113 3357 159 3412 111.

855 3195 903 3255 me
776 3197 842 3259 tuoe
610 3182 762 3260 romanu
472 3198 590 3257 <romum
346 3198 458 3257 ventsse
215 3200 330 3260 ascitur.
113 3199 173 3276 c'ur

837 3102 902 3140 cum
740 3103 816 3151 esset
541 3089 722 3160 nuntiatum;
437 3083 513 3158 quod
335 3102 415 3159 illum
204 3103 308 3160 iratum
112 3103 181 3160 alla·

1006 3013 1008 3018 .
808 3006 902 3053 turum
712 3005 792 3063 adse
590 2988 695 3064 aliquid
339 2987 569 3076 contra'patrem
113 3006 317 3064 arbitraretur:

780 2909 902 2968 surrexit
739 2909 755 2947 e
590 2896 712 2967 lectulc;
388 2892 561 2966 remotisque
237 2896 360 2967 arbitris,
173 2910 208 2966 ad
113 2910 145 2948 se

917 2820 933 2868 5
694 2813 901 2871 adolescentem
597 2792 680 2869 jussit
478 2812 583 2869 venire.
396 2812 435 2870 At
324 2800 382 2870 ille,
277 2814 309 2860 ut
113 2794 259 2870 ingressus

849 2702 902 2763 est,
675 2715 827 2772 confestim
529 2696 655 2776 gladium
347 2702 507 2773 destrinxit,
160 2697 332 2773 juravitque,
113 2718 145 2756 se

822 2619 901 2678 illum
713 2618 808 2677 statim
471 2605 699 2677 interfecturum,
401 2620 456 2677 nisi
185 2601 385 2677 jusjurandum
114 2620 170 2677 sibi

767 2509 901 2580 dedisset,
722 2522 752 2561 se
601 2504 708 2569 patrem
466 2521 585 2579 missurn
383 2523 446 2561 esse
209 2522 362 2580 facturum.
113 2523 166 2581 Ju-

829 2425 902 2483 rarit
753 2425 810 2483 hoc
614 2424 733 2472 coactus
482 2426 591 2472 terrore
262 2409 456 2487 Pomponius:
172 2426 234 2465 rem
95 2428 149 2489 ad'
2 2469 7 2492 ¹

917 2330 948 2381 10
766 2310 903 2386 populum
628 2327 745 2388 detulit:
491 2315 599 2386 docuit,
417 2330 469 2370 cur
338 2329 393 2386 sibi
226 2329 313 2387 causa
112 2330 202 2388 desis·

840 2233 902 2281 tere
689 2231 808 2271 necesse
565 2232 656 2278 esset:
384 2231 526 2291 Manlium
228 2233 346 2290 missum
115 2233 193 2290 lecit.

773 2135 901 2198 Tantum
570 2118 747 2192 temporibus
486 2136 542 2193 illis
263 2117 463 2196 jusjurandum
115 2135 235 2194 valebat.
40 2201 43 2208 ¹

804 2023 901 2098 Atque
735 2040 784 2098 hic
678 2039 715 2097 T.
534 2039 661 2097 Manlius
490 2039 514 2097 is
416 2026 470 2085 est,
342 2021 402 2096 qui,
292 2039 326 2099 ad
114 2025 270 2095 Anienem,

815 1929 902 2002 Galli,
717 1925 801 1983 quem
660 1944 695 2000 ab
604 1943 639 1982 eo
412 1926 585 1990 provocatus
236 1928 392 1999 occiderat,
113 1924 214 1988 torque

916 1850 947 1901 15
762 1834 901 1912 detracto,
579 1827 741 1886 cognomen
432 1846 558 1905 inrenit:
321 1826 403 1905 cujus
210 1845 295 1903 tertio
113 1844 183 1883 con·

809 1749 902 1809 sulatu
695 1750 791 1810 Latini
645 1750 680 1806 ad
504 1749 634 1808 Veserim
422 1734 488 1807 lusi,
378 1749 407 1796 et
258 1729 364 1807 fugati:
113 1728 235 1786 magnus

860 1653 902 1711 tir
675 1634 836 1712 inprimis,
542 1635 650 1711 etqui,
313 1632 519 1710 perindulgens
259 1651 288 1710 in
114 1631 235 1697 patrem,

825 1557 901 1616 idem
707 1557 810 1615 acerbe
577 1556 693 1597 severus
533 1556 564 1613 in
419 1555 519 1616 filium.

731 1363 862 1427 XXXII.
640 1349 708 1421 Sed,
588 1363 621 1411 ut
408 1362 569 1422 laudandus
254 1342 387 1422 Regulus
204 1360 234 1417 in
114 1360 183 1398 con·

915 1273 948 1325 ὓ)
762 1266 902 1324 servando
550 1247 743 1323 jurejurando,
491 1266 534 1322 sic
369 1265 470 1325 decem
306 1265 348 1322 illi
199 1245 284 1321 (quos
113 1245 180 1311 post

719 1169 902 1228 Cannensem
568 1149 693 1210 pugnam
434 1150 542 1228 juratos
378 1168 413 1228 ad
219 1167 350 1215 senatum
112 1167 191 1223 misit

744 1060 901 1136 Hannibal,
685 1074 716 1112 se
628 1074 658 1134 in
506 1073 601 1121 castra
334 1072 476 1129 redituros
264 1056 310 1109 ea,
112 1053 236 1108 quorum

819 959 903 1037 potiti
716 977 798 1026 erant
604 963 697 1038 Poeni,
527 977 583 1034 nisi
464 977 500 1036 de
261 975 437 1034 redimendis
111 955 234 1030 captivis

649 858 901 940 impetravissent),
596 880 621 942 si
511 880 570 918 non
326 867 482 940 redieruut,
113 860 306 934 vituperandi.

915 782 947 835 Β
854 785 901 847 De
739 766 841 844 quibus
666 784 726 824 non
552 783 652 824 ornnes
479 783 537 821 uno
364 781 464 841 modo:
277 781 342 822 nam
112 761 261 838 Polybius,

809 688 901 749 bonus
692 687 789 735 auctor
524 667 664 744 inprimis,
394 670 503 741 scribit,
337 684 372 722 ex
217 683 317 741 decern
110 682 196 740 nobi·

775 574 902 655 linietis,
706 571 760 647 qui,
631 587 692 638 turn
528 587 611 635 erant
419 572 509 645 missi,
297 586 401 625 novem
113 569 276 643 revertisse,
