2167 3609
105 382 190 444 an]
394 384 437 430 nn
459 383 605 430 orneris.
892 365 947 431 111

106 532 213 608 magis,
239 531 328 606 quod,
358 530 410 612 [si]
439 551 503 589 eam
529 549 590 589 non
617 528 774 602 habebunt,
800 527 902 605 injusti

107 630 310 687 habebuntur:
331 629 418 687 nullis
437 628 579 705 presidiis
600 628 683 704 septi,
697 625 796 684 multis
814 624 901 683 affici-

105 737 195 783 entur
208 725 331 802 injuriis.

150 822 249 897 Atque
277 822 314 879 iia
340 821 437 893 etiam,
459 822 509 896 qui
535 821 673 891 vendunt,
701 829 810 892 emunt,
835 838 903 879 con·

107 920 234 991 ducunt,
255 919 363 991 locant,
385 919 646 993 contrahendisque
666 917 791 993 negotiis
812 916 933 994 impu-⁶

109 1026 226 1087 cantur,
251 1015 373 1092 justitia,
402 1016 437 1072 ad
464 1034 525 1072 rem
552 1013 719 1093 gerendam,
740 1013 904 1072 necessaria

110 1123 173 1183 est3
196 1113 280 1188 eujus
300 1123 380 1170 tanta
399 1113 442 1170 vis
462 1122 516 1184 est,
537 1123 627 1170 utne
648 1110 690 1167 illi
711 1109 838 1186 quidem,
854 1109 903 1184 qui

110 1207 257 1267 maleficio
271 1218 300 1266 et
314 1210 424 1266 scelere
443 1219 611 1290 pascuntur,
626 1207 747 1284 possint,
762 1206 825 1264 sine
845 1204 904 1264 ullt

108 1306 257 1384 particule
286 1306 415 1383 justitiae,
443 1306 546 1364 rivere.
606 1303 693 1376 Nam,
722 1304 771 1380 qni
805 1320 904 1361 eorum

111 1403 250 1478 cuipiam,
272 1403 320 1477 qui
341 1403 400 1459 unsa
420 1401 640 1474 latrocinantur,
662 1402 772 1459 furatur
797 1399 904 1475 aliquid
920 1402 951 1452 1⁰

113 1511 165 1558 aut
185 1500 280 1576 eripit,
302 1500 326 1557 is
346 1500 401 1557 sibi
428 1519 465 1557 ne
489 1499 519 1557 in
546 1499 700 1558 latrocinio
727 1497 842 1575 quidem
862 1516 905 1555 re·

112 1597 220 1672 linquit
239 1598 353 1654 locum:
378 1597 427 1654 ille
449 1606 555 1668 autem,
570 1595 619 1671 qui
641 1594 814 1671 archipirata
834 1594 905 1651 dici-

112 1703 172 1765 tur,
199 1693 256 1751 nisi
290 1692 468 1768 aequabiliter
501 1692 628 1769 praedam
662 1690 820 1767 dispertiat,
856 1698 904 1747 aut

113 1790 303 1848 interficiatur
332 1809 349 1847 a
375 1790 472 1861 sociis,
495 1799 544 1865 aut
570 1789 756 1865 relinquatur.
809 1786 905 1849 Quin·

112 1888 201 1944 etiam
235 1887 315 1964 leges
347 1886 491 1943 latronum
524 1905 588 1944 esse
622 1885 769 1956 dicuntur,
801 1884 904 1960 quihus
920 1880 951 1931 15

110 1993 244 2061 pareant,
259 2002 330 2057 quas
349 1983 507 2040 observent.
549 1982 661 2057 Itaque,
675 1991 791 2057 propter
811 1998 904 2055 arqua-

113 2080 203 2138 bilem
229 2080 334 2156 praedae
359 2080 555 2156 partitionem,
576 2089 606 2135 et
629 2078 769 2154 Bardylis,
789 2076 904 2152 illyrius

111 2178 199 2249 latro,
220 2176 256 2233 de
277 2195 333 2251 quo
359 2186 403 2233 est
430 2176 505 2251 apud
532 2174 765 2251 Theopompum,
786 2190 906 2249 magnas

112 2292 185 2350 opes
206 2273 322 2342 habuit3
344 2283 373 2330 et
392 2272 483 2329 multo
503 2264 625 2345 majores
645 2269 775 2326 Viriatus
794 2266 907 2325 Lusita·

112 2389 186 2428 nus:
209 2369 258 2427 cui
277 2368 394 2444 quidem
414 2368 502 2425 etiam
523 2365 667 2424 exercitus
681 2364 772 2421 nostri
787 2364 907 2440 impera·
921 2366 953 2418 ω

111 2461 249 2542 ιοῐεεᾳυε
277 2475 442 2535 cesserunt3
474 2483 560 2540 quem
588 2463 621 2521 Ο.
650 2462 757 2520 Laelius
785 2462 834 2540 (is,
858 2461 906 2536 qui

112 2563 239 2639 Sapiens
259 2563 425 2641 usurpatur)
439 2572 541 2638 praetor
563 2561 657 2638 fregit,
672 2570 702 2617 et
718 2558 905 2630 comminuit3

113 2660 354 2735 ferocitatemque
368 2659 430 2736 ejus
444 2659 483 2716 ita
497 2649 642 2735 repressit,
654 2668 686 2715 ut
700 2657 785 2715 facile
798 2656 906 2713 bellum

113 2753 240 2831 reliquis
253 2754 388 2813 traderet.
430 2755 505 2812 Cum
527 2755 615 2832 igitur
635 2764 716 2811 tanta
728 2753 771 2809 vis
789 2752 906 2827 justitiae

113 2853 162 2925 sit,
191 2861 223 2910 ut
250 2871 285 2909 ea
311 2852 398 2909 etiam
425 2851 569 2909 latronum
596 2868 666 2925 opes
699 2848 792 2905 firmet
822 2857 906 2922 atque
921 2859 953 2910 z

112 2959 231 3026 augeat,
244 2958 381 3023 quantam
401 2949 462 3024 ejus
476 2948 533 3006 vim
555 2947 629 3004 inter
645 2945 723 3021 leges
739 2955 768 3002 et
785 2944 905 3022 judicia,

111 3046 145 3105 in
159 3045 320 3104 constitute
332 3044 492 3121 republiet,
506 3044 568 3102 sore
581 3041 734 3119 putamus?
822 3093 826 3098 .
897 3051 899 3058 ’
