2167 3609
146 341 203 399 loo
475 349 518 397 ora
540 348 685 397 otricus.
878 347 919 409 [u.
928 346 974 395 111.

190 499 293 572 celare,
316 500 391 559 aliud
417 511 530 559 tacere:
558 521 652 577 neque
672 517 727 578 ego
746 519 825 558 nuuc
844 510 875 558 te
896 500 971 572 celo,

189 596 213 652 si
233 597 285 653 tibi
305 616 364 654 non
384 598 461 669 dice,
476 618 538 673 quae
555 609 656 656 natura
670 598 796 655 Deorum
810 597 856 668 sit,
871 597 920 672 qui
934 596 972 653 sit

189 691 254 749 finis
268 693 423 762 bonorum3
445 714 508 769 quae
522 695 575 751 tibi
588 694 651 770 plus
664 695 831 771 prodessent
844 692 972 769 cognita,
1073 771 1074 778 ἵ

191 806 274 862 quarn
288 790 376 847 tritici
390 791 499 847 vilitas:
520 791 569 847 sed
591 809 659 862 non,
674 789 878 865 quidquidtibi
893 787 973 845 audi-

161 892 221 941 5re
235 885 305 941 utile
323 896 375 957 est,
389 886 419 942 id
439 886 509 943 mihi
530 886 626 943 dicere
645 904 765 943 necesse
784 895 834 942 est.
876 884 971 942 Immo

190 1001 257 1039 vero
278 982 400 1059 (inquiet
421 983 482 1062 ille)
503 1001 622 1040 necesse
640 992 692 1054 est,
708 983 732 1039 ei
745 982 858 1057 quidem
872 976 973 1036 inerni-

189 1077 268 1148 nisti,
296 1097 359 1134 esse
385 1078 458 1135 inter
488 1078 618 1134 homiues
649 1078 752 1134 natura
787 1076 973 1152 conjunctam

191 1175 366 1232 societatem.
408 1173 539 1245 Memini,
555 1174 664 1248 inquiet
684 1173 749 1230 ille:
771 1173 820 1229 sed
834 1190 902 1229 num
917 1172 974 1228 ista

190 1270 311 1328 societas
337 1270 402 1327 talis
428 1280 480 1342 est,
501 1280 533 1327 ut
552 1269 624 1326 nihil
648 1288 730 1326 suurn
754 1268 890 1343 cujusque
914 1266 972 1324 sit?

145 1374 177 1424 10
190 1367 264 1443 quod
278 1365 303 1422 si
317 1365 357 1422 ita
370 1375 422 1437 est,
437 1384 474 1422 ne
488 1366 668 1423 vendendum
688 1364 803 1440 quidem
816 1363 973 1438 quidquam

190 1472 243 1535 est,
258 1463 308 1519 sed
321 1461 495 1519 donandum.

230 1654 315 1712 XIII.
336 1654 435 1725 Vides,
456 1654 486 1711 in
506 1654 562 1711 hac
588 1654 649 1711 totd
675 1652 891 1729 disceptatione,
912 1669 972 1709 nou

192 1750 262 1807 illud
282 1750 350 1821 dici,
370 1749 511 1812 Quamvis
534 1750 591 1807 hoc
610 1759 692 1825 turpe
712 1750 757 1820 sit,
778 1759 883 1819 tamen,
904 1765 974 1822 quo-

191 1846 269 1903 niam
290 1846 412 1921 expedit,
428 1846 547 1915 faciam;
569 1845 620 1903 sed
633 1846 673 1903 ita
686 1845 828 1921 expedire,
844 1853 875 1901 ut
889 1852 973 1918 turpe

147 1957 178 2006 15
191 1960 251 1998 nou
265 1941 318 1997 sit:
340 1959 376 1996 ex
390 1941 477 1997 altera
492 1950 588 1998 autern
601 1952 692 2016 parte,
707 1940 742 1997 ea
754 1958 795 2011 re,
810 1939 877 2013 quia
889 1947 974 2013 turpe

192 2037 238 2109 sit,
259 2055 317 2093 non
338 2055 400 2093 esse
421 2037 592 2094 faciendum.
633 2036 747 2094 Vendat
767 2035 842 2092 aedes
861 2034 903 2090 vir
923 2035 975 2091 bc·

192 2152 246 2191 nus
265 2143 379 2208 propter
401 2133 495 2207 aliqua
513 2132 591 2203 vitia,
612 2150 674 2206 quae
695 2131 755 2207 ipse
775 2129 860 2200 norit,
875 2130 974 2187 caeteri

192 2229 342 2306 ignorent:
375 2229 540 2305 pestilentes
567 2229 634 2299 sint,
660 2238 690 2285 et
716 2227 872 2284 habeantur
900 2226 976 2283 salu·

193 2326 274 2382 brea:
296 2326 451 2402 ignoretur,
473 2325 503 2381 iu
523 2324 656 2381 omnibus
676 2323 817 2381 cubiculis
838 2340 975 2398 apparere

147 2428 179 2478 20
193 2431 354 2497 serpentes3
381 2421 456 2477 male
481 2420 646 2491 materiatae,
667 2420 806 2478 ruiuosae:
834 2418 884 2475 sed
906 2417 975 2489 hoc,

192 2526 295 2593 praeter
314 2515 472 2586 dominum,
492 2534 579 2573 nemo
599 2516 678 2573 sciat.
731 2514 851 2585 Quaero,
872 2514 897 2570 ai
917 2513 975 2569 hoc

193 2611 368 2687 emptoribus
388 2612 517 2669 venditor
544 2631 602 2669 non
623 2611 734 2681 dixerit,
756 2610 887 2683 aedesque
907 2627 976 2664 veu-

194 2708 298 2765 diderit
317 2707 405 2783 pluria
425 2708 525 2779 multe,
540 2727 623 2782 quam
644 2726 675 2764 se
695 2707 875 2764 venditurum
892 2703 976 2780 putt-

194 2803 240 2874 rit,
255 2822 323 2860 num
338 2804 367 2860 id
381 2804 485 2880 injuste
499 2823 535 2862 an
550 2804 678 2878 improbe
689 2802 811 2860 'seceriti

150 2907 182 2957 ab
234 2896 287 2954 Ille
307 2917 384 2970 vero,
405 2900 497 2974 inquit
518 2899 677 2975 Antipater.
730 2897 813 2960 Quid
833 2896 910 2953 enirn
931 2904 976 2953 eat

197 2991 283 3062 aliud,
297 2994 402 3051 erranti
416 2995 491 3051 viam
505 3014 563 3052 non
577 2986 732 3052 monstrare
747 2992 838 3070 (quod
852 2990 976 3049 Athenis

196 3088 438 3147 exsecrationibus
462 3088 586 3165 publicis
613 3090 755 3149 sancitum
778 3089 846 3168 eet),
867 3086 892 3146 ei
919 3087 977 3145 hoc
