2167 3609
108 380 184 442 nn]
413 382 458 431 nu
481 382 627 432 omens.
912 375 952 434 to

108 529 204 600 niam,
229 528 281 586 aad
309 528 397 587 vitum
423 530 522 603 etiam,
542 530 718 607 profundere
740 550 793 608 pro
812 530 907 607 patrib

107 624 207 702 parati
215 635 330 683 essent:
351 626 438 683 iidem
448 626 547 704 gloriae
555 628 697 703 jacturam
708 647 746 686 ne
756 628 905 686 minimam

102 723 232 797 quidem
255 723 352 780 facere
369 723 485 796 vellent,
499 743 537 782 ne
551 725 699 800 republicis
712 725 828 800 quidem
841 743 907 800 pos·

102 818 240 876 tulante:
255 829 288 875 ut
297 819 510 891 Callicratidas,
520 821 581 895 qui,
593 840 659 878 curn
671 821 906 879 Laeedaemonio-

105 933 177 975 tum
200 917 260 973 dux
275 915 378 973 fuisset
397 915 645 992 Peloponnesiaco
658 917 745 989 bello,
760 918 905 992 multaque
918 931 935 980 5

103 1012 233 1073 ,lecisset
252 1013 381 1089 egregie,
396 1012 481 1070 vertit
494 1014 530 1070 ad
544 1024 703 1072 extremum
717 1014 824 1084 omnia,
839 1033 906 1071 cum

102 1110 239 1167 consilio
252 1128 311 1166 non
326 1109 422 1184 paruit
435 1127 546 1182 eorum,
561 1110 610 1186 qui
631 1111 753 1168 classem
767 1110 803 1168 ab
821 1109 906 1186 Argi·

102 1206 209 1266 massis
229 1205 444 1278 removendam,
460 1226 516 1264 nec
534 1225 601 1264 curn
622 1207 850 1264 Atheniensibus
864 1206 906 1263 di·
1002 1223 1007 1230 ·

102 1303 291 1374 amicandum,
324 1303 472 1378 putebant.
512 1302 631 1365 Quibus
664 1303 712 1361 ille
745 1303 902 1379 respondit,

103 1399 364 1470 Lacedaemonios,
385 1399 477 1456 classe
497 1398 547 1456 illd
568 1400 681 1472 amissit,
697 1400 781 1458 aliam
801 1419 903 1476 parere
918 1402 950 1453 10

101 1515 205 1574 posse,
228 1516 259 1553 se
282 1496 383 1572 fugere
407 1496 470 1553 sine
494 1515 548 1553 suo
568 1496 710 1554 dedecore
730 1516 789 1556 non
809 1516 901 1573 posse.

106 1595 210 1668 Atque
232 1593 296 1651 haec
317 1593 433 1668 quidem
453 1591 683 1650 Lacedaemoniis
696 1594 782 1670 plaga
796 1593 903 1651 medio·

102 1692 187 1749 cris:
208 1690 259 1747 illa
271 1689 419 1766 pestifera,
434 1689 501 1763 qud,
517 1708 583 1746 cum
605 1689 816 1761 Cleombrotus,
831 1690 903 1747 invi·

98 1787 498 1858 diamtimens,temerecum
505 1785 900 1862 Epaminonddconflixisset,

106 1884 397 1942 Lacedaemoniorum
417 1902 487 1959 opes
508 1893 686 1941 corruerunt.
726 1884 847 1946 Quanto
859 1883 899 1945 Q.
916 1888 947 1937 15

106 1981 258 2039 Maximus
273 1980 391 2037 melius!
413 1980 520 2055 dequo
534 1980 664 2038 Ennius:

154 2111 254 2160 “Unus
265 2110 340 2158 horno
351 2110 422 2157 nobis
433 2109 575 2157 cunctando
587 2110 695 2157 restituit
706 2126 766 2158 rem.

178 2192 237 2240 Non
248 2190 356 2253 ponebat
366 2190 436 2237 enim
445 2205 558 2237 rumores
569 2196 626 2236 ante
638 2190 754 2241 salutem.
805 2197 807 2201 ’

115 2304 120 2314 ·
178 2273 256 2336 Ergo,
267 2276 371 2334 postque
383 2270 513 2334 magisque
526 2270 572 2318 viri
583 2285 652 2316 nunc
663 2270 742 2333 gloria
752 2269 857 2317 cleret.‘’

104 2371 321 2467 Quod'genus
350 2387 493 2465 peccandi
520 2387 669 2444 vitandum
695 2396 738 2444 est
762 2387 848 2444 etiarn
870 2387 899 2444 in
913 2398 945 2449 20

104 2491 196 2548 rebus
217 2487 343 2544 urbanis.
387 2486 461 2542 Sunt
482 2484 571 2555 enim,
586 2484 645 2559 qui,
664 2484 741 2561 quod
762 2484 898 2557 sentiunt,

105 2586 162 2644 etsi
185 2584 327 2660 optimum
349 2581 396 2654 sit,
419 2591 515 2639 tamen
537 2581 652 2639 invidiae
673 2592 751 2640 metu
771 2600 830 2639 non
852 2601 900 2639 eu·

104 2684 197 2741 deant
210 2681 318 2738 dicere.

146 2840 247 2897 XXV.
269 2837 409 2909 Omnino,
424 2837 473 2912 qui
486 2836 653 2912 reipublice
663 2836 810 2912 praefuturi
821 2848 897 2910 sunt,

104 2938 166 2995 duo
186 2936 318 2994 Platonis
335 2945 480 3011 precepta
497 2943 631 3003 teneant3
655 2952 756 3005 unum,
775 2943 807 2991 ut
824 2936 899 2993 utili·
911 2941 944 2991 ub

103 3045 196 3094 tatem
210 3033 320 3092 civium
334 3032 378 3090 sic
390 3038 535 3102 tueantur,
552 3041 593 3100 ut,
603 3048 784 3105 quecunque
798 3041 897 3108 agunt,

103 3132 143 3191 ad
166 3150 234 3190 eam
253 3129 390 3201 referant,
414 3127 497 3187 obliti
519 3126 740 3188 commodorum
764 3144 896 3193 suorum3

305 3226 325 3283 5
