2167 3609
485 318 529 367 na·
550 318 697 368 osmcns.
906 310 946 373 [L.
957 313 980 363 1.

188 466 334 543 voluptate
348 468 446 541 animi,
461 478 490 526 et
504 468 671 539 iracundia3
692 478 725 526 ut
743 468 932 544 tranquillitas
946 481 978 526 et

188 564 328 622 securitas
343 565 426 636 adsit,
439 585 502 641 quae
517 566 608 636 affert,
619 585 686 623 cum
701 565 902 637 constantiam,
914 576 976 623 turn

188 660 275 717 etiam
298 660 477 738 dignitatem.
518 659 606 720 Multi
628 672 724 719 autem
742 675 771 718 et
792 672 859 719 sunt
873 673 902 719 et
916 664 978 720 fue·

188 766 265 827 runt,
284 757 344 832 qui,
364 776 429 815 eam
444 757 545 833 (quam
566 758 648 837 dico)
671 758 904 833 tranquillitatem
927 779 977 816 ex·

156 863 328 929 sperantes,
350 873 367 912 a
387 855 512 931 negotiis
533 854 658 931 publicis
681 873 711 911 se
735 855 917 927 removerint,
938 855 975 913 ad

187 949 335 1025 otiumque
364 950 551 1027 perfugerint.
592 950 627 1007 In
658 951 714 1021 his,
743 961 773 1007 et
801 951 975 1009 nobilissimi

187 1045 350 1123 philosophi
370 1047 513 1124 longeque
531 1047 687 1123 principes,
702 1058 732 1104 et
751 1048 867 1122 quidam
883 1048 976 1105 homi-

187 1160 241 1202 nes
253 1143 345 1200 severi
365 1153 394 1201 et
413 1162 524 1220 graves,
543 1162 599 1201 nec
619 1144 715 1220 populi
735 1162 791 1201 nec
810 1144 975 1220 principum

187 1225 281 1298 mores
299 1240 374 1297 ferre
386 1250 557 1315 potuerunt3
579 1241 766 1315 vixeruntque
787 1240 918 1298 nonnulli
941 1241 974 1298 in

141 1340 174 1394 10
189 1335 274 1412 agris,
288 1335 423 1393 delectati
443 1354 474 1394 re
494 1336 547 1393 sual
568 1333 710 1393 familiari.
751 1336 808 1393 His
822 1337 898 1394 idem
911 1356 975 1414 pro·

186 1432 312 1508 positum
326 1431 389 1503 fuit,
404 1434 480 1505 quod
494 1432 620 1509 regibus,
632 1443 664 1491 ut
677 1452 715 1490 ne
729 1434 786 1508 qual
799 1452 830 1491 re
844 1444 974 1510 egerent,

186 1545 225 1585 ne
241 1527 289 1584 cui
310 1538 452 1604 parerent,
465 1529 598 1586 libertate
620 1539 785 1601 uterentur3
806 1530 889 1607 cujus
908 1549 976 1607 pro-

186 1623 281 1700 prium
294 1634 348 1696 est,
362 1624 406 1682 sic
419 1625 524 1697 vivere,
539 1635 571 1682 ut
584 1626 663 1683 velis.

225 1814 312 1873 XXI.
334 1816 446 1889 Quare,
461 1835 528 1876 cum
547 1818 604 1875 hoc
618 1837 772 1876 commune
787 1819 824 1876 sit
836 1819 974 1895 potentias

141 1918 171 1966 15
187 1911 357 1987 cupidorum
379 1931 447 1971 cum
466 1913 512 1986 iis,
526 1933 599 1989 quos
617 1915 686 1987 dixi,
701 1913 815 1986 otiosis3
838 1915 920 1973 alteri
940 1935 974 1972 se

187 2008 308 2085 adipisci
337 2010 367 2068 id
396 2029 480 2086 posse
504 2011 687 2082 arbitrantur,
713 2012 737 2069 si
760 2031 829 2087 opes
852 2031 974 2089 magnas

186 2104 328 2176 babeant3
351 2106 442 2179 alteri,
458 2107 482 2165 si
496 2108 625 2165 contenti
639 2108 696 2165 sint
709 2119 739 2165 et
752 2128 813 2179 suo,
825 2120 853 2166 et
865 2128 972 2184 parvo:

185 2200 216 2258 in
230 2220 287 2276 quo
299 2212 466 2272 neutrorum
488 2204 605 2261 omnino
626 2205 838 2262 contemnenda
851 2216 894 2262 est
908 2225 974 2262 seu·

184 2298 292 2356 tentiar
322 2299 374 2356 sed
394 2309 424 2358 et
445 2300 557 2357 facilior
577 2311 607 2357 et
625 2301 723 2373 tutior,
743 2311 772 2358 et
792 2302 886 2359 minus
907 2302 973 2359 aliis

137 2400 169 2451 20
184 2393 279 2469 gravis
302 2397 350 2454 aul
373 2395 503 2465 molesta,
517 2395 576 2452 vita
589 2405 633 2452 est
646 2396 820 2467 otiosorum,
846 2397 973 2454 fructuo-

184 2487 242 2545 sior
271 2498 366 2546 autem
390 2489 539 2547 hominum
562 2492 672 2567 generi,
697 2503 726 2550 et
750 2492 786 2550 ad
810 2493 972 2551 claritatem

185 2582 458 2658 amplitudinemque
479 2587 580 2661 aptior,
600 2605 700 2646 eorum
720 2589 769 2664 qui
789 2610 821 2647 se
842 2591 877 2648 ad
897 2609 972 2647 rem·

183 2677 330 2756 publicam
340 2667 419 2738 etad
432 2699 479 2738 res
491 2700 610 2759 magnas
621 2685 761 2760 gerendas
772 2686 971 2745 accommoda·

183 2786 294 2832 verunt.
326 2775 522 2854 Quapropter,
533 2788 563 2836 et
574 2778 609 2836 iis
619 2780 737 2839 forsitan
749 2783 971 2841 concedendum

136 2879 169 2931 25
185 2869 232 2942 sit,
252 2872 457 2947 rempublicam
478 2893 537 2932 non
560 2876 784 2956 capessentibus,
798 2878 857 2954 qui,
875 2880 973 2937 excel·

183 2965 256 3028 lenti
277 2967 405 3045 iugenio,
419 2970 559 3029 doctrinar
580 2990 644 3030 sese
665 2974 853 3045 dediderunt3
874 2984 904 3033 et
922 2976 971 3049 iis,

183 3061 243 3141 qui,
257 3073 307 3128 eut
319 3065 491 3130 ausuum
512 3067 720 3147 imbecillitate,
734 3080 784 3131 aut
798 3072 895 3154 aliqui
906 3091 974 3153 gra·
