2167 3609
163 357 225 416 190
500 368 543 413 ns
566 367 710 414 osricus.
907 365 995 425 [nm.

214 515 303 586 niam,
324 534 386 590 quae
406 514 527 573 honesta
553 534 611 573 non
633 516 679 587 sit,
701 534 738 596 ne
758 513 858 571 utilem
885 513 997 589 quidem

216 631 279 669 esse
313 612 440 669 arbitror.
492 611 576 673 Quid
608 613 686 670 enim
721 611 885 668 auditurum
918 621 997 686 putas

217 709 305 765 fuisse
334 709 472 783 Ulyssem,
493 708 517 765 si
538 709 568 765 in
591 709 640 765 ills
667 708 848 765 simulatione
874 725 998 783 perseve-

215 805 326 862 rassetl
347 805 405 880 qui,
425 824 491 862 cum
511 806 650 862 maximas
669 824 715 862 res
735 804 856 881 gesserit
870 803 900 860 in
915 802 996 874 bello,
1069 793 1073 815 ¹

183 912 200 960 5
215 910 312 958 tamen
326 900 388 957 haec
403 900 499 957 audiat
514 901 549 956 ab
563 900 672 977 Ajace:

300 1042 317 1067 “
326 1037 402 1102 Cuju’
414 1037 466 1100 ipse
477 1037 592 1100 princeps
600 1038 663 1101 juris
671 1036 772 1099 jurandi
783 1036 840 1098 fuit,

325 1117 399 1175 Quod
410 1132 497 1165 omues
509 1117 587 1179 scitis,
597 1117 665 1164 solus
676 1116 788 1180 neglexit
798 1116 881 1163 tidem.

323 1197 415 1245 Furere
427 1197 596 1256 assimulavit;
612 1212 644 1244 ne
656 1197 741 1257 coiret,
752 1196 849 1243 institit.

324 1277 399 1335 Quod
410 1278 437 1324 ni
448 1278 589 1325 Palamedis
600 1277 729 1339 perspicax
739 1276 872 1339 prudentia

168 1367 199 1416 10
322 1356 400 1406 ¹Istius
411 1364 540 1420 percepset
551 1358 698 1405 malitiosam
709 1357 846 1417 audaciam,

323 1437 384 1485 Fide
395 1445 518 1485 sacratum
526 1438 569 1500 jus
580 1444 699 1501 perpetuo
709 1436 830 1484 falleres’·

213 1572 261 1630 Illi
281 1592 358 1645 vero,
373 1592 429 1630 non
451 1574 537 1630 modo
558 1592 624 1630 cum
646 1572 785 1642 hostibus,
801 1572 1000 1630 verumetiam

213 1687 281 1726 oum
306 1669 449 1740 fluetibus,
472 1668 515 1745 (id
536 1668 612 1744 quod
632 1668 715 1747 lecit)
736 1668 874 1725 dimicare
897 1669 1000 1726 melius

214 1764 277 1835 fuit,
293 1783 377 1839 quam
397 1765 529 1823 deserere
551 1764 778 1822 consentientem
799 1764 945 1821 Graeciam
966 1764 1001 1822 sd

168 1882 199 1932 15
214 1860 320 1917 bellum
344 1860 472 1917 barbaris
496 1861 685 1918 inferendum.
737 1860 796 1916 Sed
822 1860 1002 1917 dimittamus

214 1966 243 2013 et
257 1956 376 2029 fabulas,
387 1966 416 2013 et
427 1967 561 2014 externa:
584 1956 619 2014 ad
633 1975 693 2013 rem
708 1956 823 2027 factam,
835 1965 1002 2031 nostraque,

213 2053 370 2111 veniamus.
424 2053 465 2111 M.
487 2053 607 2110 Attilius
634 2052 776 2129 Regulus,
798 2071 874 2123 cum,
897 2052 1002 2110 consul

214 2150 327 2222 iterum,
342 2151 373 2207 in
393 2151 495 2208 Africa
515 2169 551 2207 ex
571 2149 683 2206 insidiis
703 2158 804 2225 captus
824 2158 909 2220 esset,
926 2149 1005 2206 duce

213 2246 382 2323 Xanthippo
422 2246 652 2317 Lacedaemonio,
693 2245 862 2320 imperatore
904 2255 1005 2302 autem

164 2358 197 2407 20
211 2352 292 2419 patre
313 2343 495 2414 Hannibalis,
510 2342 687 2413 Hamilcare,
702 2342 813 2418 juratus
832 2342 939 2398 missus
960 2351 1005 2398 est

213 2439 248 2496 ad
263 2449 403 2509 senatum,
417 2449 458 2510 ut,
473 2438 528 2496 nisi
543 2438 647 2495 redditi
661 2448 757 2495 essent
776 2437 873 2495 Ptenis
894 2437 1007 2513 captivi

211 2534 324 2590 nobiles
343 2533 468 2609 quidam,
489 2533 596 2590 rediret
617 2534 678 2609 ipse
698 2533 913 2609 Carthaginem.
964 2532 1007 2605 Is,

211 2648 279 2687 cum
294 2628 420 2685 Romam
435 2629 567 2701 venisset,
583 2629 714 2687 utilitatis
728 2628 853 2704 speciem
868 2629 1007 2701 videbat3

211 2725 263 2782 sed
282 2744 356 2796 eam,
372 2735 403 2782 ut
422 2744 468 2782 res
489 2725 626 2797 declarat,
641 2725 740 2782 falsam
758 2725 915 2801 judicavit:
940 2746 1008 2803 qum

162 2830 195 2878 25
212 2830 273 2875 erat
293 2821 374 2877 tal-is:
396 2840 512 2878 manere
526 2821 557 2878 in
569 2821 672 2897 patrii,
687 2840 750 2878 esse
767 2820 844 2878 dorni
858 2841 920 2879 suas
936 2841 1009 2880 cum

211 2931 308 2984 uxore,
330 2933 396 2971 cum
416 2916 530 2986 liberis3
553 2937 637 2992 quam
658 2918 851 2974 calamitatem
873 2919 1010 2994 accepis-

210 3016 255 3065 set
275 3007 305 3062 in
325 3010 410 3081 bello,
431 3030 614 3071 communem
639 3014 761 3071 fortune
788 2997 901 3071 bellice
929 3014 1011 3091 judi·

209 3110 334 3174 cantem,
357 3113 460 3166 tenere
491 3109 652 3168 consularis
685 3109 834 3187 dignitatis
867 3109 1010 3188 gradum.
