2167 3609
83 367 109 414 r.
120 369 152 429 r]
377 361 420 408 un
439 361 586 408 orrrcns.
881 346 922 405 45

81 532 137 570 nus
157 511 332 588 praeclarum
345 510 412 584 hoc,
427 529 512 587 quam
526 511 608 583 illud,
619 510 809 588 judicandum
822 521 874 569 est.

81 610 158 667 Illud
181 609 261 667 enim
284 608 372 665 semel
390 608 513 683 profuit3
535 608 593 665 hoc
614 627 725 684 semper
746 608 876 685 proderit

81 706 212 764 civitati:
243 706 300 763 hoc
322 705 445 763 consilio
466 705 545 782 leges
564 705 798 777 Atheniensium,
818 706 875 762 hoc

79 804 226 880 majorum
248 802 388 872 instituta,
403 812 561 858 servantur.
602 801 641 858 Et
660 802 875 860 Themistocles

79 901 200 975 quidem
222 898 296 956 nihil
311 898 425 969 dixerit,
440 898 470 955 in
484 918 540 973 quo
552 897 615 973 ipse
628 898 813 975 Areopagum
828 898 905 958 ud·5

75 997 202 1073 juverit;
226 1006 255 1053 at
269 995 318 1052 ilie
332 1014 408 1066 vere,
424 1014 481 1052 ese
493 994 621 1072 adjutum
635 994 874 1053 Themistoclem.

79 1093 137 1150 Est
159 1093 237 1150 enim
260 1091 368 1148 bellum
388 1101 499 1168 gestum
522 1091 645 1149 consilio
666 1092 783 1149 senatds
803 1092 874 1168 ejus,

79 1190 131 1265 qui
147 1210 164 1247 a
179 1190 289 1246 Solone
304 1199 367 1245 erat
380 1188 562 1246 constitutus.

120 1286 209 1344 Licet
223 1286 326 1343 eadem
337 1285 374 1341 de
384 1284 528 1343 Pausanid
542 1285 749 1362 Lysandroque
760 1286 857 1344 dicere
864 1307 873 1357 ;

78 1403 204 1458 quorum
218 1383 306 1439 rebus
320 1381 409 1459 gestis
425 1402 586 1458 qumquem
602 1383 754 1459 imperium
769 1381 920 1460 [Luce-1⁰

78 1480 238 1561 daemonis]
255 1480 405 1537 dilatatum
425 1489 557 1555 putatur;
579 1490 676 1537 tamen
695 1498 734 1537 ne
753 1481 875 1539 minimd

77 1578 200 1653 quidem
220 1586 358 1652 exparte
377 1575 505 1653 Lycurgi
530 1576 644 1653 legibus
665 1588 694 1634 et
713 1577 874 1654 disciplinae

78 1673 339 1732 conferendisunt.
374 1672 874 1750 Quinetiamnbhasipsascausas,

77 1782 108 1828 et
129 1770 312 1846 parentiores
333 1770 495 1827 habuerunt
515 1771 669 1844 exercitus,
683 1780 713 1829 et
733 1770 873 1830 fortiores.

78 1867 157 1925 Mihi
183 1867 301 1943 quidem
323 1885 427 1941 neque,
447 1867 546 1942 pueris
567 1868 661 1940 nobis,
682 1866 724 1927 M.
746 1869 874 1927 Scaurus
889 1870 919 1920 15

79 1965 114 2022 C.
132 1964 242 2034 Mario,
257 1983 361 2039 neque,
377 1983 443 2044 cum
464 1984 641 2023 versaremur
663 1964 693 2022 in
713 1965 873 2042 republici,

78 2061 121 2123 Q.
129 2061 255 2119 Catulus
264 2061 318 2117 Cn.
329 2060 477 2137 Pompeio,
488 2062 591 2119 cedere
601 2061 758 2118 videbatur.
789 2061 873 2119 Parvi

79 2159 162 2215 enim
187 2167 255 2214 sunt
278 2158 347 2215 soris
370 2177 457 2229 arms,
476 2158 532 2215 nisi
555 2168 598 2214 est
617 2157 769 2215 consilium
787 2157 873 2215 domi.

80 2254 149 2312 Nec
171 2255 238 2331 plus
259 2255 426 2326 Africanus,
441 2254 595 2330 singularis
613 2262 642 2310 et
656 2253 698 2309 vir
712 2263 741 2310 et
754 2254 875 2328 impera·

81 2362 136 2423 tor,
152 2352 184 2408 in
206 2352 368 2409 excidendi
389 2349 551 2409 Numantiti
572 2349 738 2425 reipublicae
757 2350 873 2425 profuit,
888 2359 921 2409 20

16 2491 17 2508 r
81 2467 169 2522 quam
192 2448 294 2504 eodem
315 2458 444 2522 tempore
465 2446 496 2504 P.
518 2446 630 2505 Nasica
648 2445 785 2521 privatus,
807 2466 873 2504 cum

81 2544 131 2601 Ti.
146 2544 316 2601 Gracchum
332 2544 493 2601 interemit:
514 2563 675 2619 quanquam
687 2544 750 2601 haec
760 2544 873 2620 quidem

56 2691 58 2696 ,
82 2660 128 2698 res
142 2661 201 2698 non
217 2641 310 2698 solum
325 2660 361 2697 ex
374 2641 534 2698 domestici
549 2650 592 2698 est
609 2641 739 2699 ratione:
761 2641 875 2718 attingit

82 2738 171 2794 etiam
193 2737 339 2809 bellicam,
368 2737 502 2812 quoniam
524 2738 551 2794 vi
575 2757 719 2813 manuque
743 2738 875 2796 confecta

82 2843 146 2890 est:
168 2833 220 2889 sed
235 2842 331 2889 tamen
347 2832 376 2889 id
391 2832 484 2908 ipsum
498 2844 611 2910 gestum
631 2843 676 2891 est
697 2833 817 2891 consilio
830 2854 875 2892 ur·
889 2852 921 2901 z

82 2931 171 3001 bano,
186 2929 250 2987 sine
265 2928 403 2987 exercitu.

121 3026 201 3084 Illud
218 3038 313 3084 autem
328 3026 468 3101 optimum
482 3036 535 3099 est,
548 3027 579 3085 in
589 3027 667 3103 quod
677 3025 773 3085 invadi
783 3027 876 3087 solere

83 3126 120 3183 ab
133 3124 276 3202 improbis
290 3134 320 3182 et
334 3123 440 3183 invidis
454 3124 557 3183 audio:
