2167 3609
92 367 172 428 nn]
384 367 427 414 nu
449 367 595 416 orrrcrrs.
874 355 931 416 1⁰7

130 518 178 575 Ac
191 516 318 592 primurn
332 516 369 575 de
382 518 440 577 illis
451 519 555 591 tribus,
566 537 629 594 quae
644 528 710 576 ante
724 517 784 576 dixi
797 516 884 575 bene·

90 616 224 672 volentiae
238 627 392 691 praecepta,
407 616 572 673 rideamus:
596 635 659 691 quae
670 616 787 691 quidem
797 615 884 672 bene·

90 711 164 769 ficiis
193 711 306 787 capitur
337 713 477 770 maxime:
512 712 643 770 secundo
677 722 770 769 autem
804 711 882 785 loco,

91 808 224 865 benefica
245 809 392 866 voluntate
413 809 615 870 benevolentia
637 818 774 880 moretur,
795 808 883 866 etiam

91 904 115 961 si
135 924 183 961 res
205 905 278 963 forte
304 924 364 962 non
391 906 523 981 suppetit.
565 905 760 964 Vehementer
787 909 913 963 autemb

91 1020 172 1059 amor
205 1002 399 1060 multitudinis
431 1013 628 1061 commoretur
663 1002 724 1077 ipsi
751 1001 828 1059 fama
854 1011 884 1059 et

90 1099 230 1175 opinione
240 1099 431 1171 liberalitatis,
442 1097 653 1171 beneficentiae,
664 1098 793 1175 justitia,
805 1096 883 1169 fidei,

91 1195 278 1271 omniumque
298 1214 396 1254 earum
418 1196 650 1270 virtutumque
676 1194 821 1271 pertinent
847 1191 884 1251 ad

91 1292 344 1351 mansuetudinem
365 1312 475 1351 morum
496 1312 531 1351 ac
547 1292 724 1350 facilitatem.
766 1290 884 1350 Etenim

91 1389 162 1447 illud
185 1390 290 1465 ipsum,
311 1390 388 1465 quod
411 1390 564 1447 honestum
591 1390 786 1464 decorumque
813 1388 929 1446 dici-10

90 1506 164 1558 rnus,
177 1486 246 1561 quia
255 1505 306 1562 per
321 1506 352 1544 se
366 1486 450 1543 nobis
460 1486 565 1561 placet,
578 1486 745 1560 animosque
755 1485 883 1544 omnium

90 1584 196 1641 natural
223 1594 252 1641 et
285 1583 382 1658 specie
415 1584 481 1639 sud
502 1592 674 1653 commovet,
704 1582 883 1658 maximeque

89 1681 175 1755 quasi
197 1681 328 1756 perlucet
348 1699 384 1737 ex
403 1680 456 1751 eis,
477 1698 548 1755 quas
576 1678 809 1749 commemorari,
830 1678 884 1736 vir·

88 1778 218 1847 tutibus3
241 1777 353 1834 idcirco
367 1776 441 1848 illos,
455 1776 485 1833 in
500 1777 605 1852 quibus
624 1795 675 1834 eas
688 1775 807 1833 uirtutes
819 1794 883 1834 esse

88 1893 198 1945 remur,
221 1873 361 1931 erraturi
382 1874 444 1948 ipsi
465 1873 585 1950 diligere
606 1873 746 1951 cogimur.
786 1873 883 1948 Atque
898 1880 929 1936 15

89 1971 135 2028 lrae
149 1969 268 2046 quidem
282 1990 377 2028 causae
392 1969 530 2047 diligendi
552 1970 743 2047 gravissimae':
763 1979 899 2045 possunt*

88 2066 170 2123 enim
185 2075 324 2141 praeterea
337 2066 484 2123 nonnullae
498 2083 562 2123 esse
575 2067 706 2124 leviores.

130 2162 222 2220 Fides
243 2172 339 2220 autem
360 2174 392 2220 ut
412 2165 562 2233 habeatur,
578 2164 689 2221 duabus
708 2162 795 2219 rebus
808 2160 884 2218 edici

89 2270 204 2337 potest:
226 2260 251 2317 si
265 2260 492 2318 existimabimur
508 2260 604 2334 adepti
618 2259 803 2334 conjunctam
817 2275 885 2314 curn

87 2356 202 2433 justitia
216 2357 407 2432 prudentiam.
449 2357 527 2414 Nam
540 2367 570 2413 et
585 2356 620 2413 iis
633 2354 720 2422 fidem
736 2353 884 2425 habemus,
899 2360 931 2410 2⁰

7 2469 8 2484 ¹
91 2473 166 2528 quos
192 2454 259 2529 plus
292 2453 464 2531 intelligere,
493 2472 579 2528 quam
613 2470 676 2523 nos,
704 2450 885 2530 arbitramur,
926 2488 929 2494 ,

91 2569 223 2627 quosque
244 2563 274 2609 et
295 2551 391 2609 futura
411 2552 575 2627 prospicere
596 2548 750 2620 credimus,
765 2559 804 2620 et,
819 2565 886 2606 curn

92 2668 139 2706 res
154 2660 266 2725 agatur,
281 2648 310 2706 in
325 2648 539 2723 discrimenque
553 2657 670 2705 ventum
690 2646 736 2716 sit,
751 2644 887 2720 expedire

92 2764 166 2817 rem,
194 2756 224 2802 et
252 2745 405 2803 consilium
433 2763 470 2802 ex
498 2754 627 2820 tempore
649 2760 752 2817 capere
783 2758 885 2816 posset

93 2843 171 2901 banc
199 2842 278 2899 enim
304 2842 405 2900 utilem
427 2860 527 2899 ornnes
551 2840 716 2899 existimant
735 2853 886 2912 raramque
901 2836 933 2888 25

92 2940 288 3016 prudentiam.
340 2939 432 2997 Justis
460 2948 555 2996 autem
575 2946 604 2996 et
624 2935 689 2993 fidis
712 2933 886 3007 hominibus,

94 3037 124 3093 id
139 3046 195 3109 est,
210 3036 305 3108 bonis,
320 3036 362 3094 ita
373 3036 445 3093 fides
465 3035 596 3105 habetur,
611 3031 735 3098 utnulla
748 3030 785 3094 sit
799 3030 829 3087 in
844 3029 889 3087 bis

65 3177 70 3193 .
95 3133 208 3199 fraudis
227 3132 396 3217 injuriaeque
416 3131 551 3216 suspicio.
592 3129 693 3212 Itaque
706 3128 752 3191 his
767 3126 888 3185 salutem
