2167 3609
92 381 161 445 NJ
387 374 430 420 ns
449 373 597 421 ossrcns.

131 517 248 579 XVIII.
270 522 341 595 Sed,
351 522 380 581 in
392 523 437 582 his
448 523 584 582 omnibus
597 524 701 583 officiis
711 523 883 599 tribuendis,

92 617 249 676 videndum
264 618 327 691 erit,
342 620 411 695 quid
433 620 537 696 cuique
556 622 681 679 maxime
699 642 818 681 necesse
836 625 883 695 sit,

90 715 204 791 etquid
219 716 351 790 quisque,
366 718 409 774 vel
425 718 487 774 sine
501 718 597 789 uobis,
613 729 661 776 aut
680 719 770 795 possit
783 738 884 777 conse·

91 811 152 886 qui,
169 822 292 869 autnon
306 814 405 888 possit.
447 813 493 872 Ita
510 834 569 871 non
585 815 673 872 iidem
687 826 772 876 erunt
785 835 884 874 neces·

90 908 254 965 situdinum
268 910 384 986 gradus,
396 912 445 986 qui
455 922 627 987 temporum.
669 912 744 969 Sunt
752 913 883 987 quaedam
897 928 914 976 5

90 1004 199 1076 officia,
214 1024 278 1079 quae
295 1005 358 1062 aliis
372 1007 464 1084 magis
478 1025 564 1082 quam
580 1006 643 1063 aliis
656 1007 830 1064 debeantur:
852 1017 885 1065 ut

91 1100 220 1157 vicinum
235 1101 322 1158 citius
337 1102 478 1177 adjuveris
487 1102 516 1159 in
528 1102 669 1160 fructibus
679 1102 883 1177 percipiendis,

91 1216 178 1272 quarn
202 1207 251 1253 aut
274 1199 390 1255 fratrem
417 1209 465 1256 aut
487 1198 673 1256 familiarem:
697 1209 734 1270 at,
750 1199 774 1255 si
796 1199 832 1255 lis
854 1199 884 1256 in

87 1294 200 1369 judicio
214 1294 262 1364 sit,
277 1294 470 1369 propinquum
488 1296 585 1370 potius
603 1304 632 1353 et
647 1295 781 1367 amicum,
797 1313 883 1370 quam

91 1391 233 1464 vicimum,
256 1391 429 1448 defenderis.
471 1389 546 1448 Haeo
573 1392 661 1469 igitur
685 1399 714 1449 et
736 1392 806 1450 talia
829 1391 884 1449 cir·
899 1408 930 1458 ιο

90 1487 389 1562 cumspicieudasunt
399 1487 429 1545 in
441 1488 519 1545 omni
529 1489 641 1559 officio;
664 1499 692 1545 et
702 1489 883 1547 cousuetudo

89 1583 318 1657 exercitatioque
342 1583 493 1659 capienda,
516 1594 548 1642 ut
575 1585 643 1641 boni
665 1585 883 1644 ratiocinatores

90 1678 255 1736 officiorum
279 1699 343 1736 esse
366 1680 518 1756 possimus,
535 1690 574 1751 et,
590 1680 722 1738 addendo
739 1681 884 1739 deducens

90 1776 196 1850 doque,
212 1776 321 1847 videre,
337 1795 400 1850 quae
423 1777 526 1851 reliqui
548 1796 660 1834 summa
676 1778 745 1835 fiat:
766 1798 801 1835 ex
816 1797 882 1854 quo,

90 1883 232 1948 qnantum
247 1871 353 1947 cuique
368 1872 516 1944 debeatur,
531 1873 686 1950 intelligas.
900 1890 930 1944 15

131 1969 201 2040 Sed,
216 1979 249 2025 ut
262 1988 319 2025 nec
333 1969 439 2025 medici
454 1988 508 2026 nec
520 1969 707 2045 imperatores
721 1989 777 2027 nec
791 1981 884 2028 orato-
1009 1959 1011 1962 ’

91 2084 147 2137 res,
157 2065 289 2140 quamvis
299 2064 367 2123 artis
376 2067 719 2141 praeceptaperceperint,
731 2067 885 2142 quidquam

93 2163 201 2239 magnis
222 2162 310 2218 laude
333 2162 452 2239 dignum
471 2162 533 2218 sine
556 2181 610 2219 usu
631 2170 660 2217 et
678 2163 884 2220 exercitatione

93 2259 234 2334 consequi
257 2270 392 2333 possunt3
422 2259 465 2315 sic
491 2258 580 2315 officii
602 2257 793 2314 conservandi
816 2275 888 2333 prae·

93 2366 180 2432 cepta
193 2355 350 2412 traduntur
364 2355 413 2413 illa
427 2354 554 2430 quidem,
566 2364 598 2410 ut
609 2353 730 2410 facimus
742 2352 814 2430 ipsi:
835 2352 885 2411 sed
900 2358 932 2409 20

14 2499 16 2528 ζ
93 2452 134 2509 rei
156 2451 329 2528 magnitudo
352 2471 436 2509 usum
458 2469 572 2526 quoque
594 2449 886 2526 exercitationemque

92 2549 248 2607 desiderat.
291 2551 398 2625 Atque,
412 2550 447 2607 ab
461 2549 497 2607 iis
510 2550 597 2608 rebus
611 2566 673 2623 quae
694 2553 761 2606 sunt
776 2549 806 2607 in
822 2548 886 2624 jure

92 2646 244 2704 societatis
266 2646 409 2718 humanae,
430 2646 672 2720 quemadmodum
696 2645 817 2704 ducatur
838 2645 888 2704 ho·

92 2754 220 2815 nestum,
244 2762 281 2800 ex
303 2762 362 2818 quo
385 2753 483 2819 aptum
504 2753 548 2801 est
568 2741 706 2814 officium,
730 2742 800 2800 satis
826 2742 886 2800 fere

94 2840 229 2897 diximus.
900 2848 932 2899 25

131 2936 361 3013 Intelligendum
382 2946 426 2993 est
448 2946 553 3007 autem,
575 2953 643 2992 cum
662 2934 809 3009 proposita
828 2934 887 2993 sint

91 3052 204 3111 genera
223 3043 357 3108 quatuor,
378 3052 395 3089 e
416 3031 520 3114 quibus
547 3031 683 3088 honestas
703 3030 887 3106 officiumque

92 3139 237 3201 manaret,
265 3125 531 3208 splendidissimum
557 3126 659 3199 videri,
686 3126 763 3201 quod
791 3125 889 3182 animo

295 3225 315 3284 4
