2167 3609
131 366 187 426 122
462 379 505 425 os
527 377 672 426 ossrcns.
879 379 920 439 [n.
929 379 965 426 11.

176 524 291 583 functus
310 536 370 583 est:
398 526 503 584 deinde
524 527 558 585 C.
580 526 730 599 Claudius,
752 526 841 604 Appii
866 527 965 586 filius:

175 621 257 680 multi
277 633 350 699 post,
372 624 498 696 Luculli,
520 623 705 696 Hortensius,
727 624 850 683 Silanus.
892 623 968 682 Om-

174 736 227 776 nes
247 729 342 776 autem
363 719 394 776 P.
409 707 560 790 Lentulus,
581 739 627 777 me
647 720 776 791 consule,
791 720 861 777 vicit
881 740 968 797 supe·

174 814 273 873 riores.
323 815 412 873 Hunc
438 826 482 873 est
509 818 637 873 Scaurus
664 817 799 874 imitatus.
848 816 969 894 Magni·

142 917 159 966 5
175 913 360 971 licentissime
370 931 437 970 vero
450 913 541 970 nostri
555 912 685 989 Pompeii
700 932 820 972 munera
832 914 968 971 secundo

174 1009 344 1067 consulatu:
365 1009 394 1066 in
406 1009 509 1084 quibus
519 1009 663 1081 omnibus,
674 1009 743 1084 quid
757 1010 828 1067 mihi
837 1009 970 1085 placeat,

175 1106 263 1164 vides.

215 1298 315 1356 XVII.
344 1299 470 1355 Vitanda
492 1310 588 1356 tamen
610 1308 655 1356 est
678 1299 805 1375 suspicio
828 1299 962 1357 avaritias.

176 1394 335 1466 Mamerco,
350 1395 461 1451 homini
481 1395 633 1467 ditissimo,
653 1396 855 1472 praetermissio
875 1396 968 1453 aedssi-

130 1511 160 1559 1⁰
176 1491 243 1549 tatis
263 1491 429 1548 consulatus
449 1492 592 1567 repulsam
614 1493 716 1549 attulit.
756 1491 858 1554 Quare
878 1502 917 1563 et,
939 1492 965 1549 si

175 1587 334 1664 postulatur
356 1608 372 1645 a
390 1589 508 1664 populo,
531 1589 614 1645 bonis
634 1589 702 1645 viris
722 1588 746 1645 si
766 1607 825 1646 non
852 1587 966 1647 deside-

176 1683 315 1755 rantibus,
332 1694 456 1741 attamen
479 1685 711 1759 approbantibus,
726 1684 888 1742 laciendum
909 1695 964 1753 est,

176 1779 263 1836 modo
281 1798 334 1855 pro
354 1780 555 1851 facultatibus3
576 1799 630 1837 nos
651 1781 705 1857 ipsi
719 1791 751 1838 ut
765 1781 901 1840 fecimus:
924 1791 964 1849 et,

176 1875 317 1950 siquando
338 1877 433 1951 aliqua
453 1895 498 1933 res
518 1877 608 1953 major
623 1888 706 1953 atque
721 1877 818 1934 utilior
831 1877 965 1953 populari

130 1979 161 2027 15
176 1972 327 2048 largitione
342 1973 515 2047 acquiritur;
536 1983 569 2030 ut
582 1972 678 2031 Oresti
692 1992 783 2049 nuper
799 1974 920 2049 prandia
934 1974 965 2031 in

176 2066 296 2138 semitis,
311 2067 440 2124 decumae
459 2068 587 2138 nornine,
602 2087 707 2145 magno
719 2067 823 2125 ¹honori
838 2067 964 2126 suerunt.

176 2162 223 2220 Ne
245 2161 286 2220 M.
308 2163 424 2238 quidem
446 2164 515 2221 Seio
535 2164 606 2220 vitio
626 2163 724 2221 datum
748 2174 802 2236 est,
823 2164 911 2239 quod,
934 2164 967 2224 iu

179 2256 328 2339 [annonae]
355 2260 484 2330 caritate,
510 2279 572 2316 asse
596 2260 724 2317 modium
748 2261 851 2336 populo
874 2260 964 2318 dedit.

177 2354 287 2434 Magna
308 2355 385 2412 enim
407 2375 438 2412 se
459 2365 488 2412 et
510 2356 667 2413 inveterata
686 2354 804 2427 invidia,
817 2374 873 2414 nee
886 2356 965 2432 turpi

129 2463 162 2512 2⁰
174 2451 288 2529 jacturd
304 2450 434 2527 (quando
454 2461 516 2508 erat
537 2452 653 2531 aedilis),
668 2469 724 2509 nec
745 2452 880 2523 maxima,
894 2453 967 2510 libe-

177 2546 257 2604 ravit.
299 2546 359 2604 Sed
379 2546 482 2603 honori
503 2566 615 2605 summo
635 2567 725 2624 nuper
745 2558 844 2606 nostro
858 2548 966 2607 Miloni

177 2641 241 2712 fuit,
255 2641 331 2717 quod
346 2641 552 2718 gladiatoribus
565 2645 668 2719 emptis
685 2644 850 2720 reipublice
865 2644 966 2715 causd,

178 2757 240 2812 quaa
254 2738 346 2796 salute
360 2737 458 2795 nostra
480 2740 691 2811 continebatur,
706 2758 807 2798 omnes
821 2740 852 2797 P.
869 2739 966 2798 Clodii

178 2843 299 2890 conatus
326 2834 493 2910 sororesque
521 2836 699 2911 compressit.
754 2836 851 2894 Causa
877 2835 967 2914 igitur

130 2939 162 2989 25
177 2927 338 3004 largitionis
352 2940 405 3002 est,
419 2931 444 2987 si
459 2940 507 2988 aut
520 2950 641 2989 necesse
654 2941 707 3003 est,
723 2943 771 2990 aut
785 2931 863 2990 utile.

216 3022 252 3080 In
266 3023 311 3080 his
325 3035 418 3083 autem
433 3026 511 3102 ipsis,
523 3027 730 3085 mediocritatis
744 3028 844 3107 regula
857 3028 968 3105 optima

178 3129 230 3177 ost.
271 3118 304 3177 L.
325 3120 440 3195 quidem
461 3121 674 3199 philippono.
690 3123 776 3196 filius,
795 3144 902 3203 magno
922 3123 967 3182 vir

1071 649 1074 744 l
