2167 3609
100 344 208 404 ,niul
401 342 445 390 m:
466 341 613 390 cramus
889 332 946 392 163

100 509 198 554 που.
240 487 300 552 Sed
318 490 402 562 nihil,
416 490 494 566 quod
514 487 641 562 crudele,
655 488 750 548 utiles
764 497 809 547 est
822 488 901 548 enim

103 589 264 648 :shominum
278 597 397 660 naturae,
410 607 495 663 quam
515 586 596 662 sequi
617 586 764 659 debemus,
778 586 900 645 mamma

103 685 235 743 ,inimica
248 682 411 741 crudelitas

155 780 235 839 Male
255 780 352 852 etiam,
373 780 422 854 qui
443 778 611 856 peregrinus
637 778 756 837 urbibus
776 778 818 836 uti
838 796 902 854 pro·

13 895 20 908 ‘
115 878 226 949 bibent,
253 893 357 952 eosque
390 876 591 947 exterminant,
619 885 650 932 ut
677 874 793 932 Pennus
826 875 931 951 apud5

114 985 212 1051 patres
237 984 360 1045 nostros,
384 972 491 1048 Papius
517 990 617 1047 nuper.
658 969 735 1028 Nam
762 989 825 1029 esse
851 990 902 1046 pre

115 1072 190 1142 cive,
210 1070 259 1146 qui
280 1070 351 1127 civis
370 1088 428 1127 nen
450 1070 497 1141 sit,
517 1078 630 1128 rectum
651 1077 774 1125 estnon
796 1067 901 1139 licere;

115 1187 203 1244 quam
235 1167 363 1224 tulerunt
395 1166 489 1242 legem
522 1164 725 1241 sapientissimi
759 1164 901 1236 consules,

116 1264 239 1322 Crassus
259 1273 288 1340 et
308 1263 453 1320 Scaevola:
482 1282 536 1320 usn
558 1280 625 1319 vero
645 1261 723 1318 urbis
749 1261 902 1336 probibere

115 1360 290 1438 peregrinos,
305 1378 374 1416 sane
395 1359 583 1416 inhumanum
597 1367 647 1416 est.
689 1358 744 1416 Illa
754 1359 901 1435 preclara,
918 1371 948 1420 10

115 1457 148 1514 in
169 1456 272 1532 quibus
291 1456 415 1531 publica
435 1455 566 1512 utilitatis
586 1455 698 1531 species
718 1474 776 1530 prae
803 1454 903 1512 hones-

116 1564 176 1611 tate
190 1553 391 1611 contemnitur.
433 1552 524 1610 Plena
539 1553 734 1627 exemplorum
748 1561 792 1608 est
805 1561 904 1608 nostra

116 1650 288 1724 respublica,
304 1667 370 1706 cum
384 1668 470 1724 saepe,
484 1658 545 1706 turn
565 1649 688 1706 maxime
702 1648 778 1705 bello
790 1647 903 1733 Punico

114 1744 263 1803 secundo:
299 1764 371 1820 quae,
399 1744 549 1802 Cannensi
580 1745 743 1820 calamitate
760 1744 902 1820 accepta,

115 1842 240 1918 majores
273 1841 384 1899 animos
417 1841 527 1912 habuit,
555 1861 640 1917 quam
667 1860 790 1917 unquam
818 1843 903 1898 rebus
918 1850 949 1902 15

116 1939 270 1996 secundis:
291 1939 370 1996 nulla
383 1938 493 1995 timoris
506 1938 690 2015 significatio,
704 1938 784 1995 nulla
797 1938 904 1995 mentio

115 2035 207 2112 pacis.
248 2035 346 2093 Tanta
365 2034 408 2092 vis
428 2044 471 2092 est
491 2034 615 2106 bonesti,
630 2044 661 2091 ut
682 2034 808 2110 speciem
828 2034 904 2091 utili-

115 2133 185 2190 tatis
199 2133 342 2189 obscuret.

157 2228 362 2300 Athenienses,
387 2247 454 2285 cum
480 2226 633 2284 Persarum
659 2225 799 2301 impeturn
825 2225 904 2286 nullo

114 2325 205 2383 mode
225 2334 342 2400 possent
362 2324 512 2393 sustinere,
534 2332 756 2398 statuerantque,
777 2332 818 2392 ut,
833 2322 903 2379 urbe
917 2329 949 2377 20

115 2421 229 2492 relicta,
249 2420 421 2497 conjugibus
446 2429 475 2476 et
499 2419 598 2476 liberis
624 2418 770 2476 Troezene
794 2418 904 2494 deposi-

114 2518 164 2588 tis,
179 2535 266 2575 naves
286 2515 524 2586 conscenderent,
546 2515 763 2590 libertatemque
783 2514 903 2572 Graecie

116 2613 211 2671 classe
231 2612 427 2683 defenderent,
443 2611 587 2687 Cyrsilum
608 2611 760 2686 quendam,
783 2610 904 2668 suaden-

116 2720 177 2767 tem
191 2718 223 2765 ut
237 2708 266 2766 in
281 2708 351 2765 urbe
365 2717 523 2776 manerent,
535 2707 719 2781 Xerxemque
733 2706 902 2782 reciperent,

116 2806 262 2881 lapidibus
278 2805 442 2863 obruerunt.
484 2804 581 2878 Atque
596 2803 642 2861 ille
656 2802 807 2860 utilitatem
822 2803 903 2877 sequi
917 2815 949 2863 ab

115 2901 285 2960 ridebatur:
312 2900 363 2957 sed
389 2919 424 2958 ea
449 2900 529 2958 nulla
555 2910 625 2971 erat,
650 2909 828 2976 repugnante
854 2899 904 2957 ho·

116 3007 237 3057 sestam

157 3093 382 3168 Themistocles,
401 3104 468 3171 pust
485 3092 635 3153 victoriam
653 3091 716 3170 ejus
736 3091 805 3152 belli
825 3088 902 3167 quod
