2167 3609
165 349 222 414 108
497 364 541 412 nn
562 363 708 413 orrrorrs.
917 362 1000 423 [uu.

208 523 345 586 nostram,
373 511 418 572 hie
451 514 591 587 fortunae,
618 514 663 572 his
693 513 809 584 liberos,
835 511 998 570 rectissime

208 611 349 669 oommitti
376 612 554 669 arbitramur.
608 611 722 670 Harum
749 611 837 687 igitur
864 610 997 680 duarum,

208 709 245 768 ad
264 708 350 766 fidem
371 708 542 780 faciendam,
562 709 674 785 justitia
686 708 751 784 plus
763 707 868 784 pollet3
890 707 997 783 quippe

208 823 275 863 oum
289 824 333 879 ea,
345 806 408 863 siue
420 806 584 882 prudentia,
596 806 665 863 satis
679 805 783 862 habeat
798 804 996 874 auetoritatis3

176 901 194 952 ὅ
207 903 367 980 prudentia,
382 904 444 960 sino
455 903 576 979 justitia,
591 902 663 960 nihil
677 903 769 960 valeat
783 902 817 958 ad
833 900 997 958 faciendam

207 1000 301 1059 fidem.
342 1001 414 1062 Quo
431 1001 509 1057 euim
523 1001 587 1075 quis
601 1000 740 1057 versutior
754 1010 784 1056 et
797 999 928 1056 callidior
942 1008 996 1070 est,

207 1096 265 1155 hoo
298 1098 414 1156 invisior
441 1108 470 1155 et
496 1097 665 1173 suspeetior,
693 1097 823 1154 detractu
858 1096 997 1171 opinione

206 1195 364 1271 probitatis.
424 1195 623 1256 Quamobrem
657 1193 853 1271 intelligentiae
884 1193 998 1269 justitia

207 1291 372 1366 ooujunota,
386 1302 525 1366 quantum
539 1291 623 1362 volet,
640 1290 766 1362 habebit,
783 1289 817 1347 ad
832 1289 997 1347 faciendam

161 1385 193 1435 1⁰
207 1386 303 1458 fidem,
324 1386 444 1443 virium:
464 1387 584 1462 justitia,
606 1387 669 1444 sine
688 1387 852 1462 prudentia,
873 1386 997 1444 multum

205 1482 327 1559 poterit:
349 1482 411 1539 siue
422 1482 544 1559 justitia,
559 1483 631 1541 nihil
646 1484 751 1541 valebit
764 1483 925 1560 prudentia.

246 1674 285 1733 X.
307 1674 376 1747 Sed,
390 1695 427 1732 ne
446 1676 511 1752 quis
529 1676 567 1733 sit
581 1676 746 1748 admiratus,
762 1695 823 1749 our,
837 1695 904 1734 oum
919 1675 995 1734 inter

207 1788 307 1829 omnes
326 1772 511 1849 philosophos
531 1784 654 1846 constet,
677 1793 693 1831 a
712 1793 815 1849 meque
836 1773 898 1849 ipso
919 1793 996 1850 sape

207 1868 382 1944 disputatum
396 1869 442 1942 sit,
457 1871 505 1946 qui
526 1890 613 1928 unam
631 1871 760 1942 haberet,
773 1889 873 1928 omnes
888 1871 996 1928 habere

161 1964 193 2014 15
207 1965 335 2038 virtutes,
356 1985 435 2025 nuno
462 1967 502 2025 ita
528 1967 688 2045 sejungam,
709 1967 790 2042 quasi
809 1967 898 2044 possit
918 1968 996 2042 quis·

207 2082 302 2137 quam,
323 2063 371 2139 qui
398 2083 458 2122 nou
478 2064 554 2122 idem
581 2066 706 2142 prudens
727 2065 773 2136 sit,
792 2065 886 2141 justus
913 2083 994 2135 esse3

207 2158 321 2218 aliaest
335 2160 393 2231 illa,
408 2180 475 2219 oum
489 2162 594 2220 veritas
615 2162 677 2238 ipsa
696 2162 810 2220 limatur
825 2163 854 2219 in
868 2162 995 2237 disputa·

205 2255 296 2329 tione,
317 2257 476 2328 subtilitas3
500 2259 565 2326 alia,
587 2277 652 2316 oum
675 2259 709 2316 ad
731 2258 894 2334 opinionem
916 2276 996 2315 oom-

206 2371 323 2411 muuem
349 2353 443 2412 omnis
471 2354 703 2413 aooommodatur
730 2356 829 2413 oratio.
882 2355 995 2416 Quam·

160 2447 192 2497 2)
206 2450 316 2520 obrem,
332 2450 487 2527 munigno,
502 2451 542 2508 ita
561 2470 615 2508 nos
636 2453 692 2509 hoo
711 2452 776 2510 looo
796 2452 946 2528 loquimur,
962 2462 994 2509 ut

207 2543 279 2603 alios
299 2543 396 2616 fortes,
418 2546 489 2603 alios
511 2548 603 2605 bonos
623 2548 707 2620 viros,
730 2549 800 2607 alios
826 2549 994 2624 prudentes,

206 2639 344 2699 dieamus.
386 2641 575 2718 Popularibus
592 2644 670 2702 enim
684 2646 778 2703 verbis
791 2656 834 2703 est
849 2646 994 2723 agendum

206 2745 235 2794 et
256 2738 376 2810 usitatis,
391 2758 457 2797 oum
477 2740 620 2816 loquimur
634 2742 670 2799 de
683 2742 821 2818 opinione
842 2743 992 2819 populari:

206 2832 293 2908 idque
320 2825 433 2894 eodem
449 2838 537 2895 modo
564 2839 633 2897 seuit
661 2839 815 2897 Pauaetius.
870 2840 929 2897 Sed
958 2840 994 2897 ad

160 2934 193 2985 25
205 2931 382 3008 propositum
396 2945 580 2992 revertamur.

246 3025 317 3085 Erat
337 3028 434 3105 igitur,
454 3049 490 3088 ex
509 3032 601 3090 tribus
619 3052 683 3108 quae
704 3033 740 3091 ad
760 3033 881 3111 gloriam
908 3034 995 3110 perti·

206 3132 286 3197 aaut,
306 3124 363 3183 boo
389 3126 515 3200 tertium,
536 3138 577 3201 ut,
599 3147 665 3187 oum
692 3129 882 3194 admiratione
904 3130 997 3191 bomi-
