2167 3609
113 350 210 412 nm]
407 352 450 399 nu
472 353 617 401 oamcus.
895 344 951 404 lta

113 502 228 577 Popula
256 501 373 576 quidem
401 503 538 561 Romano
565 524 622 562 non
648 504 770 576 videtur,
790 503 850 581 qui,
870 521 907 561 ex

114 598 253 656 omnibus
280 599 426 674 praeclaris
458 600 551 670 factis,
580 601 650 658 illud
682 601 907 676 pulcherrimum

114 695 270 752 existimat.
313 696 394 754 Vicit
414 714 485 773 ergo
504 693 613 754 utilitas
633 698 831 754 honestateml
853 697 907 754 im·

113 809 164 847 mc
179 810 249 849 vero
263 792 444 850 honestatem
458 794 567 850 utilitas
581 803 680 851 secuta
693 803 745 850 est

155 887 270 961 Itaque,
283 901 314 945 ut
325 889 387 945 sine
401 890 459 946 ullo
472 908 568 948 errore
583 889 741 966 dijudicare
753 889 905 965 possimus,
920 895 937 945 5

114 984 261 1057 siquando
282 1002 349 1041 cum
370 984 419 1041 illc
439 986 514 1059 quod
536 985 689 1042 honestum
709 985 905 1062 intelligimus,

112 1098 248 1155 pugnare
276 1080 305 1137 id
333 1080 475 1138 videbitur
507 1083 583 1155 quod
619 1081 793 1157 appellamus
826 1081 905 1154 utile,

115 1176 243 1233 formula
263 1177 394 1251 quaedam
415 1178 619 1235 constituenda
639 1188 698 1247 est;
720 1196 804 1254 quam
822 1178 847 1235 si
865 1197 908 1236 se·

113 1291 238 1347 quemur
260 1274 289 1329 in
310 1274 524 1349 comparatione
544 1293 650 1346 rerum,
667 1276 702 1332 ab
718 1275 815 1331 officio
833 1294 907 1332 nuu-

114 1388 203 1443 quam
237 1370 415 1427 recedemus.
470 1370 534 1427 Erit
562 1381 657 1429 autem
684 1372 746 1429 lraec
773 1372 952 1444 formulam

115 1465 284 1522 Stoicorum
299 1467 404 1523 rationi
418 1467 635 1542 disciplinaque
650 1468 771 1525 maxime
788 1487 907 1526 consen·

114 1570 218 1630 tauea3
240 1580 326 1635 quam
348 1563 463 1637 quidem
484 1563 515 1620 iu
535 1563 581 1619 his
600 1563 681 1620 libris
700 1573 851 1639 propterea
863 1582 906 1622 se·

114 1657 242 1732 quimur,
260 1657 347 1732 quod,
365 1678 527 1733 quanquam
550 1678 567 1716 a
587 1660 730 1716 veteribus
751 1659 905 1718 Academi·

114 1753 171 1824 cis,
184 1763 213 1810 et
227 1774 243 1811 a
257 1754 456 1829 Peripateticis
471 1756 583 1826 nostris,
595 1755 644 1830 qui
659 1756 803 1830 quondam
817 1756 904 1814 iidem

114 1859 199 1908 erant
220 1852 268 1926 qui
289 1851 471 1922 Academici,
492 1871 556 1926 quae
583 1852 704 1909 honesta
729 1863 805 1925 sunt,
827 1861 950 1912 aute-15

113 1957 263 2022 ponuntur
278 1947 313 2003 iis
327 1966 390 2021 quae
404 1947 536 2005 videntur
553 1948 651 2017 utilia3
672 1958 768 2005 tamen
783 1948 906 2025 splendi-

113 2043 181 2100 dius
202 2043 265 2099 haec
289 2043 325 2099 ab
352 2043 395 2099 eis
421 2042 610 2112 disseruntur,
632 2043 745 2116 quibus,
767 2043 905 2118 quidquid

113 2140 271 2196 honestum
302 2148 355 2210 est,
383 2138 459 2195 idern
493 2138 564 2194 utile
591 2138 718 2207 videtur;
752 2157 809 2195 nec
834 2138 905 2195 utile

113 2235 282 2310 quidquam,
303 2235 378 2309 quod
402 2254 461 2291 nou
489 2234 658 2301 honestum;
687 2251 772 2306 quam
794 2233 903 2305 abhis,

113 2331 222 2406 quibus
243 2341 292 2387 aut
313 2331 463 2388 honestum
485 2329 591 2403 aliquid
606 2329 757 2400 aquatile,
773 2339 821 2386 aut
834 2328 904 2386 utile
919 2338 951 2389 ω

112 2446 173 2485 non
195 2427 357 2484 honestum.
398 2426 492 2483 Nobis
514 2436 610 2483 autem
630 2436 727 2482 nostra
744 2425 906 2484 Academia

102 2542 251 2600 >magnam
271 2522 419 2581 licentiam
434 2522 492 2594 dat,
507 2533 548 2593 ut,
563 2522 764 2597 quodcumque
780 2522 905 2579 maxime

113 2619 265 2696 probabile
284 2629 429 2690 occurrat,
451 2619 481 2676 id
501 2630 599 2677 nostro
616 2619 680 2694 jure
700 2619 787 2677 liceat
807 2618 905 2676 defeu-

113 2716 193 2774 dere.
236 2717 295 2773 Sed
309 2716 398 2773 redeo
413 2716 448 2773 ad
464 2715 625 2773 formulam.

154 2909 191 2967 V.
214 2909 375 2967 Detrahere
389 2909 477 2986 igitur
492 2908 599 2982 aliquid
615 2908 706 2979 alteri,
717 2917 747 2966 et
760 2907 903 2966 hominem
919 2916 951 2967 25

113 3006 243 3063 hominis
263 3005 450 3064 incommodo
470 3024 555 3062 suum
579 3023 684 3081 augere
710 3005 904 3076 commodum,

111 3102 209 3181 magis
236 3112 281 3160 est
307 3111 410 3161 contra
435 3111 578 3172 naturam,
598 3118 685 3175 quam
711 3119 798 3174 mars,
817 3115 905 3175 quun

356 3196 420 3256 13·
