2167 3609
88 387 183 447 um]
382 384 426 432 m:
448 384 594 433 ormcus.
874 373 931 432 155

88 555 185 613 genus
216 534 385 612 pestiferum
413 545 498 609 atque
525 534 646 610 impium
672 553 708 591 ex
734 531 884 590 homiuum

89 633 301 690 communitate
327 632 576 689 exterminandum
604 640 655 689 est.
698 630 825 702 Etenim,
852 639 885 687 ut

8 779 9 792 t
89 731 222 787 membra
246 730 378 805 quaedam
406 738 599 803 amputantur,
627 728 651 784 si
679 737 708 785 et
734 727 796 803 ipsa
822 746 886 784 san·

88 827 190 903 guine,
212 836 241 883 et
261 837 397 901 tanquam
418 826 531 902 spiritu,
553 844 652 882 carere
677 834 835 901 coeperunt,
856 834 885 881 et

89 933 201 981 nocent
223 923 341 998 reliquis
366 924 496 999 partibus
522 923 669 998 corporis3
698 922 741 979 sic
769 921 833 992 ista,
854 921 916 978 inb

89 1020 185 1096 figura
212 1020 349 1092 hominis,
370 1021 469 1077 feritas
489 1029 519 1076 et
546 1019 712 1077 immanitas
733 1018 846 1087 belluae,
869 1036 886 1075 a

90 1117 242 1175 communi
269 1128 405 1192 tanquam
433 1117 614 1174 humanitate
640 1115 771 1192 corporis
791 1132 886 1191 segre·

91 1214 189 1292 ganda
221 1225 273 1272 est.
333 1215 430 1292 Hujus
463 1214 579 1291 generis
612 1223 679 1270 sunt
712 1212 886 1288 questiones

92 1330 194 1369 omnes
221 1331 274 1383 eae,
296 1312 326 1368 in
347 1312 451 1387 quibus
470 1330 507 1368 ex
530 1322 658 1387 tempore
684 1310 812 1368 officium
839 1328 887 1366 ex·

92 1409 224 1484 quiritur.
903 1414 933 1463 10

132 1602 201 1661 VII.
230 1601 380 1679 Ejusmodi
408 1603 505 1680 igitur,
531 1603 629 1674 credo,
654 1622 701 1660 res
726 1601 886 1660 Panaetium

91 1709 312 1776 persecuturum
335 1700 433 1770 fuisse,
448 1700 504 1757 nisi
526 1700 614 1774 aliqui
633 1719 718 1758 casus
739 1709 788 1757 aut
801 1717 888 1756 occu·

91 1796 174 1872 patio
195 1796 350 1853 consilium
370 1796 432 1872 ejus
452 1797 637 1871 peremisset:
663 1797 698 1854 ad
719 1816 791 1872 quas
811 1795 887 1872 ipsas

93 1893 323 1950 consultationes
343 1912 379 1949 ex
399 1893 595 1967 superioribus
615 1893 695 1951 libris
710 1893 779 1950 satis
797 1893 888 1950 multa

92 2001 239 2067 praecepta
260 2001 337 2061 sunt,
358 1990 463 2064 quibus
485 1990 612 2065 perspici
638 1990 739 2065 possit,
761 1990 829 2064 quid
850 1989 887 2047 sit
903 1998 934 2048 15

91 2098 212 2162 propter
240 2086 447 2162 turpitudinem
474 2086 660 2162 fugiendum
689 2085 758 2160 quid
786 2086 823 2142 sit
846 2085 886 2157 id,

92 2184 171 2259 quod
193 2183 304 2240 idcirco
328 2183 497 2259 fugiendum
524 2182 652 2252 nonsit,
674 2181 742 2255 quia
768 2182 887 2238 omniuo

93 2291 178 2356 turpe
205 2299 264 2336 non
289 2281 333 2337 sit.
375 2280 444 2351 Sed,
465 2279 603 2353 quoniam
630 2278 711 2353 operi
739 2277 886 2350 inchoato,

93 2387 123 2435 et
143 2395 234 2453 prope
253 2377 311 2453 jem
336 2376 475 2446 absoluta,
496 2385 634 2450 tanquam
663 2374 809 2451 fastigium
836 2373 888 2431 im·

92 2474 245 2550 ponimus;
267 2483 299 2530 ut
312 2483 467 2549 geometrae
482 2472 576 2529 solent
590 2492 648 2529 non
659 2471 757 2529 omnia
771 2470 886 2542 docere,
903 2476 935 2526 20

92 2570 144 2627 sed
165 2570 322 2646 postulare,
336 2579 368 2627 ut
382 2568 511 2643 quaedam
533 2568 588 2625 sibi
606 2569 814 2639 concedantur,
830 2586 888 2642 quo

93 2667 218 2738 facilius,
246 2685 309 2741 quae
341 2666 440 2736 velint,
468 2666 629 2741 explicent3
664 2665 707 2723 sic
733 2685 788 2743 ego
816 2685 833 2722 a
859 2675 887 2722 te

91 2763 219 2839 postulo,
234 2763 273 2820 mi
293 2762 410 2834 Cicero,
424 2772 457 2819 ut
471 2763 542 2820 mihi
563 2765 709 2820 concedas
724 2762 763 2840 (si
780 2763 886 2843 potes),

92 2860 177 2932 nihil,
199 2869 303 2936 praeter
325 2859 353 2916 id
375 2860 452 2934 qnod
473 2861 627 2917 honestum
650 2859 697 2930 sit,
719 2873 834 2935 propter
856 2879 888 2917 se

92 2976 158 3015 esse
179 2956 381 3033 expetendum.
424 2957 476 3014 Sin
498 2957 555 3014 hoc
575 2976 634 3014 non
657 2957 732 3014 licet'
746 2976 797 3033 per
818 2957 888 3015 Cra·
903 2958 935 3008 25

93 3054 215 3131 tippum,
232 3064 260 3112 at
281 3053 351 3112 illud
372 3064 450 3111 certe
472 3055 564 3125 dabis,
579 3054 655 3130 quod
673 3054 825 3112 honestum
840 3054 887 3125 sit,

92 3150 123 3209 id
149 3169 213 3208 esse
237 3150 360 3208 maxime
380 3160 497 3227 propter
518 3170 549 3209 se
570 3151 770 3228 expetendum.
812 3147 888 3207 Mihi
