2167 3609
10 397 11 406 ,
98 362 180 422 un]
392 363 436 409 nn
458 362 604 410 omrcrrs.
883 352 940 416 106

98 514 182 570 bellis
210 512 435 588 triumphtrnnt.
487 512 583 571 Multa
605 522 744 590 preterea
767 527 893 571 comme-

97 630 244 668 morarem
260 611 372 669 nefaria
393 611 422 668 in
444 611 551 683 socios,
566 611 590 668 si
612 612 668 669 hec
681 628 741 669 une
754 609 796 669 sel
810 610 892 686 quid·

97 727 183 782 quam
200 707 320 764 vidisset
337 707 493 784 indignius.
534 708 606 766 =lure
621 708 707 785 igitur
719 708 891 784 plectimur:

96 806 151 862 nisi
167 805 248 861 enirn
262 805 419 861 multorum
434 805 575 880 impunita
588 805 699 861 scelera
716 805 890 878 tulissemus,

96 921 248 977 nunqnam
271 902 308 959 ad
329 919 419 959 unum
433 912 514 959 tanta
526 901 705 977 pervenisset
716 902 851 972 licentia3
875 906 921 961 at

96 1019 154 1074 quo
165 999 286 1074 quidem
300 1000 342 1057 rei
356 999 505 1057 familiaris
519 999 556 1056 ad
569 1017 687 1075 paucos,
700 998 891 1075 cupiditatum
957 1057 959 1064 ,

96 1097 133 1154 ad
146 1097 257 1153 multos
270 1097 427 1172 improbos,
442 1096 521 1153 venit
534 1095 695 1154 haeredites.

134 1194 205 1252 Nec
219 1212 289 1251 vere
302 1212 429 1269 unquam
445 1194 586 1251 bellorum
608 1193 736 1250 civilium
750 1209 847 1252 semen
861 1202 891 1252 et

95 1310 187 1351 eausa
201 1292 304 1363 deerit,
319 1291 388 1349 dum
409 1291 542 1348 hemines
563 1290 668 1367 perditi
682 1291 793 1349 hastam
811 1288 889 1350 illam

94 1399 249 1447 cruentam
276 1399 306 1445 et
332 1383 524 1460 meminerint,
549 1398 579 1445 et
599 1389 773 1464 sperabuut3
804 1401 889 1464 quem
905 1391 936 1442 1⁰

65 1545 68 1554 ,
94 1487 127 1545 Ρ.
143 1486 230 1543 Sulla
243 1501 310 1543 cum
324 1486 474 1558 vibrdsset,
489 1486 629 1544 dictatore
642 1486 805 1562 propinque
819 1505 887 1557 su03

94 1584 185 1655 idem,
197 1591 280 1641 sexto
293 1594 323 1640 et
335 1582 484 1640 tricesimo
499 1601 575 1640 anno
588 1592 662 1659 pest,
674 1601 692 1640 a
704 1582 889 1642 sceleratiore

60 1687 63 1692 ’
94 1681 181 1738 hasta
206 1699 267 1737 non
294 1680 423 1737 recessit.
479 1680 562 1737 Alter
586 1689 695 1752 autem,
716 1679 765 1756 qui
787 1680 817 1738 in
840 1680 890 1738 iltt

95 1778 244 1836 dictaturd
258 1777 355 1835 scriba
368 1777 469 1850 suerat,
484 1777 515 1834 in
529 1778 585 1835 hac
599 1777 653 1835 fuit
665 1788 788 1853 quaestcr
806 1779 889 1836 urba·

94 1891 161 1933 nus.
214 1875 340 1951 Exque
364 1875 450 1931 debet
477 1873 610 1951 intelligi,
631 1874 738 1932 talibus
763 1875 889 1952 praemiis
904 1883 935 1933 15

93 1972 262 2049 propositis,
276 1989 423 2047 nunquam
444 1971 579 2029 defutura
598 1972 674 2030 bella
688 1972 792 2030 civilia.
832 1971 890 2030 Ita·

94 2089 154 2145 que
175 2070 301 2146 parietes
322 2069 402 2126 urbis
426 2070 513 2126 mode
525 2079 603 2126 stent
615 2078 645 2126 et
662 2078 789 2141 manent,
811 2069 889 2144 iique

94 2168 152 2244 ipsi
173 2168 234 2244 jam
255 2177 384 2224 extrema
404 2165 516 2223 scelera
536 2175 715 2223 metuentes:
743 2184 805 2223 rem
823 2183 891 2223 vero

93 2265 245 2341 publicam
265 2263 381 2341 penitus
403 2263 561 2333 amisimus,
585 2271 668 2336 utque
682 2262 713 2318 in
727 2262 778 2318 has
792 2260 890 2319 clades

94 2362 266 2433 incidimus,
290 2360 483 2438 (redeundum
498 2370 542 2416 est
554 2358 632 2414 enim
648 2357 682 2415 ad
696 2356 888 2438 propesitum)
903 2373 935 2425 ω

8 2481 9 2484 ’
95 2459 166 2517 dum
190 2459 291 2530 metui,
313 2477 400 2533 quam
422 2457 482 2514 cari
500 2474 564 2513 esse
578 2464 607 2511 et
621 2454 713 2531 diligi,
727 2453 888 2514 maluimus.

94 2556 175 2617 Quae
198 2555 222 2611 si
242 2555 349 2631 populo
371 2554 507 2611 Romano
528 2552 633 2629 injuste
648 2550 799 2628 imperanti
814 2549 879 2609 aeci

96 2653 167 2710 dere
200 2661 369 2727 potuerunt,
396 2650 464 2728 quid
492 2649 599 2708 debent
628 2657 730 2725 putare
763 2648 889 2726 singuli?

95 2749 190 2811 Quod
220 2768 288 2807 cum
314 2749 499 2825 perspicuum
526 2748 573 2819 sit,
597 2745 805 2804 benevolentie
831 2744 889 2803 vim

95 2865 163 2904 esse
186 2865 334 2924 magnam,
358 2844 453 2903 metus
477 2843 667 2912 imbecillam3
698 2840 836 2916 sequitur,
858 2851 890 2900 nt
903 2846 936 2897 25

97 2943 286 3015 disseramus,
320 2941 425 3021 quibus
458 2941 546 2998 rebus
577 2938 721 3015 possimus
753 2937 891 2996 facillime

97 3059 175 3112 eam,
200 3058 287 3115 quam
310 3040 453 3112 volumus,
476 3036 607 3115 adipisci,
631 3051 699 3093 cum
724 3033 835 3095 honere
860 3042 892 3093 et

97 3137 168 3209 fide,
183 3136 343 3196 caritatem.
