2167 3609
161 350 217 409 188
491 358 535 406 nn
558 355 703 406 osrrcrrs.
898 355 984 418 [nur.

242 507 340 566 XXV.
363 508 409 566 Ao
429 528 466 566 ne
487 510 536 566 illa
555 509 671 588 quidem
691 507 831 584 promissa
850 507 985 566 servanda

203 617 280 677 sunt,
302 625 364 681 qnae
392 627 448 664 non
473 617 539 662 sunt
560 607 595 662 iis
616 605 685 681 ipsis
706 606 796 678 utilia,
817 605 920 679 quibus
941 605 985 663 illa

203 704 375 778 promiseris.
428 703 475 760 Sol
497 702 672 759 Phaethonti
693 701 752 758 filio
774 701 819 777 (ut
839 702 986 758 redeamus

205 800 239 855 ad
267 799 390 876 fabulas)
419 799 561 855 facturum
588 817 619 854 se
645 818 708 855 esse
741 798 821 868 dixit,
849 798 985 872 quidquid
1073 788 1075 806 ²

173 896 345 970 ooptdsset:
366 896 482 970 optavit,
498 894 571 953 utin
587 914 701 951 currum
722 894 811 969 patris
824 895 985 952 tolleretur:

204 993 332 1049 sublatus
354 1002 412 1061 est;
443 1001 527 1065 atque
550 990 677 1061 insanus,
699 990 756 1064 qud
779 990 906 1047 constitit
928 990 985 1048 ictu

93 1150 102 1158 .
204 1088 330 1145 fulminis
357 1087 531 1163 deflagravit.
572 1087 691 1148 Quanto
711 1087 813 1143 melius
834 1086 935 1158 luerat,
957 1087 985 1144 in

204 1184 270 1254 hoo,
304 1184 473 1259 promissum
509 1183 598 1258 patris
635 1202 691 1239 non
729 1202 792 1239 esse
828 1184 986 1241 serratum}

203 1279 294 1349 Quid,
316 1278 392 1352 quod
413 1278 547 1334 Theseus
567 1278 662 1355 exegit
681 1279 850 1354 promissum
872 1297 889 1335 a
909 1279 989 1355 Nep

159 1382 189 1431 10
203 1377 293 1432 tunol
344 1374 399 1431 Cui
421 1394 486 1432 cum
507 1384 565 1431 tres
585 1375 745 1449 optationes
765 1374 920 1450 Neptunus
941 1375 989 1432 de·

203 1470 301 1542 disset,
316 1470 423 1544 optavit
444 1470 590 1526 interitum
612 1469 770 1545 Hippolyti,
785 1470 836 1527 filii
851 1471 906 1542 sui,
922 1490 987 1528 ounr

178 1638 182 1646 ι
204 1566 228 1623 is
248 1566 320 1642 patri
342 1577 490 1642 suspectus
511 1576 586 1622 esset
601 1566 636 1621 de
652 1568 792 1622 noverod:
814 1584 870 1640 quo
891 1578 990 1643 optatu
1066 1639 1071 1646 1

204 1662 362 1738 impetrato,
377 1663 510 1719 Theseus
524 1663 553 1719 in
568 1662 699 1718 maximis
713 1657 767 1719 fuit
780 1662 914 1721 luctibus.

241 1759 343 1820 Quint
374 1760 575 1835 Agamemnon
603 1777 669 1814 oum
694 1759 853 1816 devovisset
873 1759 990 1833 Dianae,

158 1862 188 1910 15
203 1855 278 1930 quod
299 1854 328 1911 in
350 1874 402 1911 suo
422 1873 512 1931 regno
535 1854 758 1929 pulcherrimum
785 1865 883 1911 natum
911 1866 990 1914 esset

148 1942 151 1948 ’
203 1951 252 2006 illo
273 1969 357 2021 anno,
373 1951 528 2008 immolavit
549 1949 739 2026 Iphigeniam,
758 1951 812 2025 qud
834 1951 905 2008 nihil
927 1961 991 2010 erat

202 2065 238 2103 eo
258 2046 373 2120 quidem
395 2065 470 2102 anuo
490 2058 589 2102 natum
613 2045 768 2121 pulchrius.
810 2046 991 2105 Promissum

202 2142 297 2219 potius
317 2162 374 2198 non
396 2142 570 2213 faciendum,
584 2161 668 2216 quam
683 2153 740 2198 tam
755 2152 859 2199 tetrum
874 2143 992 2201 sasinus

204 2239 409 2296 admittendum
431 2239 491 2296 fuit.
533 2238 612 2314 Ergo
632 2249 661 2294 et
681 2239 820 2313 promissa
839 2258 899 2296 non
919 2240 993 2298 faoi·

156 2347 187 2396 20
202 2336 277 2391 enda
296 2353 518 2408 nonnunquam;
540 2353 634 2407 neque
654 2352 765 2408 semper
780 2334 911 2410 deposita
925 2336 994 2392 red·

202 2431 304 2487 denda.
360 2431 392 2486 Si
412 2430 537 2507 gladium
564 2430 627 2505 quis
650 2430 722 2506 apud
743 2440 771 2487 te
792 2431 861 2487 sant
889 2442 996 2488 mente
1073 2443 1075 2462 ⁴

202 2526 373 2602 deposuerit,
385 2537 494 2601 repetat
508 2527 670 2596 insaniens;
692 2527 821 2597 reddere,
832 2538 996 2601 peceatum

201 2624 238 2680 sit
247 2644 254 2692 ;
282 2642 338 2680 non
366 2623 494 2694 reddere,
516 2607 652 2681 officinm.
705 2624 808 2685 Quidt
836 2624 859 2680 si
881 2624 915 2695 is,
941 2624 993 2700 qui

203 2719 276 2795 apud
303 2731 331 2776 te
356 2720 509 2795 pecuniam
539 2720 712 2795 deposuerit,
740 2720 846 2777 bellum
882 2720 997 2778 inferat

154 2816 309 2890 25patriae,
344 2816 484 2873 reddasne
521 2816 703 2891 depositum‘l
765 2816 844 2887 Non,
880 2818 996 2875 oredo:

202 2907 291 2964 facias
324 2910 400 2966 enim
435 2921 536 2967 eontra
566 2912 782 2986 rempublicam,
810 2931 872 2987 quae
900 2913 996 2970 debet
1074 2897 1075 2942 l

201 3020 264 3058 esse
285 3004 439 3061 carissima.
482 3007 532 3062 Sio
553 3007 650 3078 multa,
666 3026 728 3081 quae
744 3007 862 3065 honesta
883 3008 996 3066 natur&

200 3097 332 3153 videntur
365 3119 437 3171 esse,
465 3103 640 3178 temporibus
666 3104 739 3161 fiunt
765 3122 823 3161 non
854 3104 997 3162 honesta.
1074 3157 1075 3184 ,
