2167 3609
141 336 202 394 160
471 346 515 391 na
536 344 681 392 currens.
875 346 971 407 [um

221 490 260 550 X.
281 491 419 550 Incidunt
438 512 514 568 saepe
533 493 630 551 multe
651 510 755 579 causa,
770 510 834 567 quoe
855 501 974 551 contur-

183 588 253 646 bent
280 590 391 646 animos
417 590 549 646 utilitatis
575 589 687 664 specie3
722 607 792 661 non,
817 607 885 646 oum
913 590 973 647 hoc

184 685 367 757 deliberetur,
389 686 614 760 relinquendane
636 686 673 742 sit
695 685 830 742 honestas
853 696 970 760 propter

184 781 315 839 utilitatis
336 782 564 858 magnitudinem
583 780 662 857 (nam
681 781 711 837 id
730 781 845 855 quidem
864 782 974 857 impro·
1073 781 1075 788 ⁴

155 878 253 935 chum
280 879 364 962 est);¹
389 877 440 934 sed
466 877 547 948 illud,
573 876 700 951 possitue
727 877 767 948 id,
795 877 872 952 quod
899 878 970 934 utile

184 974 323 1046 videatur,
350 974 412 1031 fieri
445 991 504 1030 non
530 972 657 1047 turpiter.
712 972 789 1030 Cum
821 972 970 1030 Collatino

185 1071 304 1147 collegae
337 1070 442 1127 Brutus
475 1069 625 1144 imperium
660 1069 825 1145 abrogabat,
856 1078 971 1144 poterat

185 1167 275 1224 videri
296 1166 392 1224 facere
405 1166 435 1223 id
448 1165 569 1241 injuste:
592 1164 684 1222 fuerat
703 1166 791 1236 enim,
805 1165 836 1222 in
852 1166 971 1242 regibus

185 1262 371 1338 expellendis,
405 1262 501 1320 socius
535 1260 627 1332 Bruti,
662 1261 848 1318 consiliorum
882 1262 971 1319 etiam

141 1369 173 1418 10
187 1358 306 1434 adjutor.
359 1357 436 1414 Cum
460 1367 554 1415 autem
575 1357 728 1416 consilium
748 1357 805 1414 hoc
823 1357 972 1433 principes

185 1455 337 1530 cepissent,
352 1454 555 1531 cognationem
572 1453 704 1528 Superbi,
718 1472 881 1528 nomenque
896 1453 972 1512 Tar·

185 1551 358 1626 quiniorum,
372 1560 401 1607 et
421 1549 586 1608 memoriam
606 1549 697 1626 regni,
711 1567 775 1606 esse
795 1549 971 1622 tollendam3

186 1647 262 1720 quod
288 1655 349 1704 erat
376 1646 455 1716 utile,
475 1645 574 1720 patriae
602 1645 762 1717 consulere,
785 1644 815 1701 id
841 1656 903 1703 erat
929 1645 973 1705 ita

186 1740 348 1813 honestum,
363 1751 396 1798 ut
408 1741 496 1799 etiam
516 1740 571 1815 ipsi
591 1740 736 1798 Collatino
755 1741 870 1815 placere
884 1742 973 1799 debo-

140 1840 172 1890 15
186 1846 237 1893 ret.
279 1835 381 1910 ltaque
400 1836 508 1893 utilitas
528 1836 617 1893 valuit
635 1846 750 1910 propter
772 1835 971 1908 honestatem3

185 1930 249 1988 sine
268 1931 326 2005 quai
344 1950 382 1988 ne
402 1930 511 1989 utilitas
529 1930 646 2005 quidem
662 1948 726 1987 esse
739 1931 887 2005 potuisset.
929 1932 973 1989 At

186 2025 216 2083 in
237 2044 272 2085 ec
290 2023 373 2103 rege,
383 2027 432 2101 qui
452 2028 553 2084 urbem
573 2025 713 2097 condidit,
731 2045 790 2084 non
809 2025 857 2084 ita
899 2027 974 2103 Spe·

185 2123 246 2181 cies
272 2124 349 2180 enim
375 2123 506 2181 utilitatis
533 2122 660 2179 animum
682 2122 792 2197 pepulit
815 2122 877 2199 ejus
884 2143 893 2194 3
922 2124 973 2182 cui

186 2238 254 2277 cum
266 2220 359 2277 visum
375 2229 450 2276 esset
469 2218 578 2290 utilius,
593 2218 685 2275 solum
699 2237 785 2293 quam
798 2237 866 2276 oum
879 2219 973 2279 altero

40 2389 42 2393 Ι
138 2322 171 2372 2⁰
185 2335 315 2393 regnare,
330 2315 446 2373 fratrem
461 2314 613 2373 interemit.
654 2312 761 2372 Omisit
777 2314 825 2373 hic
839 2326 868 2374 et
881 2316 974 2391 picta·

185 2420 244 2468 tem
257 2421 286 2468 et
300 2410 515 2481 humanitatem,
530 2419 562 2467 ut
582 2409 621 2481 id,
636 2409 713 2484 quod
726 2410 797 2468 utile
810 2410 972 2485 videbatur,

184 2526 278 2582 neque
298 2516 367 2577 erat,
383 2506 495 2582 assequi
513 2516 625 2581 posset:
647 2517 676 2564 et
695 2517 791 2565 tamen
811 2508 886 2566 muri
904 2527 975 2567 cau-

79 2605 83 2614 ’
184 2623 245 2661 sam
266 2603 408 2679 opposuit,
429 2603 555 2678 speciem
576 2602 734 2662 honestatis
756 2622 849 2679 noque
868 2606 975 2680 proba·

185 2700 272 2757 bilem
298 2718 392 2774 neque
417 2700 486 2757 satis
512 2699 654 2758 idoneam.
709 2699 845 2758 Peccavit
871 2700 974 2778 igitur,

138 2801 171 2853 25
184 2813 257 2869 pace
270 2795 314 2852 vel
327 2794 455 2866 Quirini,
470 2795 514 2853 vel
528 2794 658 2867 Romuli,
673 2795 803 2855 dixerim.

222 2888 289 2946 Nec
308 2900 405 2948 tamen
426 2900 529 2948 nostrae
550 2891 634 2948 nobis
652 2891 789 2950 utilitates
803 2893 974 2954 omittendae

184 2992 261 3054 sunt,
283 2983 402 3058 aliisque
420 2985 576 3058 tradendae,
597 3005 664 3044 oum
685 2987 730 3045 his
754 2988 809 3064 ipsi
831 3008 973 3067 egemus:

183 3078 236 3137 sed
256 3096 315 3135 suae
336 3079 441 3154 cuique
461 3080 588 3152 utilitati,
607 3082 684 3157 quod
706 3083 770 3142 sinc
791 3085 910 3145 alterius
926 3085 974 3145 iu·
