2167 3609
108 355 195 417 nm
405 356 615 434 monens

108 505 258 578 invisum
279 506 487 585 mirenturque,
506 509 537 568 in
557 510 594 568 ed
614 519 725 568 tentum
745 527 792 569 me
811 528 907 588 opere

108 613 143 660 et
163 604 303 680 temporis
322 621 440 680 ponere.
481 605 547 684 Ego
568 617 674 679 sutem,
694 607 830 683 quamdiu
848 627 907 667 res·

109 701 233 777 pubiion
256 720 308 776 per
327 704 553 779 eos'gerebntor
573 704 677 778 quibus
697 722 728 761 se
748 705 811 780 ipsa
830 724 907 764 oom-

109 797 243 869 miserat,
265 815 367 855 omues
393 807 473 856 mess
499 817 585 856 suros
608 800 855 876 oogitetionesque
875 801 905 859 iu

112 911 179 950 eam
204 893 406 952 conferebam:
438 913 505 951 eum
530 906 625 952 autem
649 896 797 954 dominatu
820 898 939 955 unius5

111 990 213 1049 omnia
232 1000 410 1062 tenerentur,
430 1010 524 1066 neque
548 1001 624 1049 esset
644 1011 765 1067 usquam
786 993 907 1053 oonsilio

111 1096 164 1143 aut
192 1086 358 1144 auctoritati
384 1088 483 1157 loeus;
521 1089 616 1146 socios
642 1088 766 1163 denique
793 1089 906 1147 tuende

111 1182 294 1257 reipublice,
315 1197 444 1239 summos
465 1183 553 1254 viros,
575 1184 750 1254 amisissem
777 1202 833 1242 neo
859 1203 906 1242 me

113 1279 275 1355 angoribus
299 1277 407 1350 dedidi‚
429 1279 534 1353 quibus
554 1297 647 1337 essem
667 1280 828 1352 consectus,
849 1281 905 1338 nisi

112 1373 150 1431 iis
184 1374 371 1445 restitissem
406 1393 462 1433 neo
488 1393 603 1433 rursum
634 1376 762 1454 indignis
787 1377 905 1436 homine
922 1388 954 1437 1⁰

111 1470 201 1528 docto
215 1471 416 1547 voluptatibus.

152 1567 255 1641 Atque
273 1561 384 1625 utinam
404 1568 567 1644 respublica
587 1569 721 1641 stetisset,
736 1588 794 1644 quo
812 1587 905 1647 ooepe·

111 1675 167 1735 rat,
182 1673 269 1735 statu,
284 1682 339 1722 nse
359 1664 391 1721 in
411 1664 554 1737 homines,
568 1683 627 1722 non
647 1676 706 1723 tam
727 1678 904 1725 commutau-

111 1760 215 1820 derum
237 1778 343 1832 rerum,
364 1779 449 1836 quom
473 1762 691 1821 evertendarum
712 1764 840 1839 cupidos,
862 1764 904 1823 iu·

111 1856 249 1914 uidisset!
304 1857 434 1914 Primum
460 1858 549 1930 euim,
577 1869 609 1916 ut
635 1870 729 1917 stante
755 1861 904 1936 republicis
921 1871 953 1921 15

112 1953 212 2011 tacere
244 1952 418 2025 solebamus,
446 1953 477 2011 in
511 1956 624 2032 egendo
657 1955 731 2031 plus,
759 1976 844 2031 quem
874 1957 905 2015 in

4 2097 6 2124 z
110 2049 278 2120 sermondo,
289 2068 383 2125 operis
396 2067 586 2125 poneremus:
607 2051 722 2122 deinde,
734 2052 803 2127 ipsis
816 2054 906 2128 serip-

110 2146 149 2203 tis
177 2165 238 2203 nou
265 2165 301 2203 eu
327 2166 391 2221 quie
417 2165 507 2219 nuno,
534 2148 585 2204 sed
619 2148 749 2206 ustiones
782 2159 903 2220 nostres,

110 2227 327 2314 mundaremus,
355 2252 388 2300 ut
413 2262 488 2319 supe
516 2242 646 2299 fecimus.
701 2243 776 2300 Cum
809 2255 904 2301 eutem

110 2337 287 2414 respublion,
308 2338 338 2395 in
358 2339 414 2413 qud
442 2338 537 2395 omnis
564 2356 630 2395 mea
655 2356 734 2410 cura,
756 2339 903 2415 cogitatio,
919 2350 951 2399 20

110 2453 211 2510 opere,
238 2435 308 2510 poni
334 2436 454 2507 solebat,
481 2435 563 2492 nullu
589 2445 665 2502 esset
693 2436 820 2506 omnino,
848 2435 904 2493 iliae

111 2531 228 2589 sedicet
247 2531 338 2589 iiterae
358 2532 573 2603 uontiouerunt
595 2532 723 2589 forenses
743 2542 772 2590 et
792 2548 904 2591 senato·

110 2628 172 2685 rire.
215 2626 298 2684 Nihil
314 2647 399 2704 agere
413 2638 508 2686 sutem
519 2646 587 2686 cum
598 2630 710 2687 animos
723 2649 782 2687 non
796 2640 902 2705 posset,

111 2723 144 2781 in
166 2723 212 2780 his
231 2723 334 2781 studiis
355 2725 391 2781 ab
411 2724 496 2781 mitio
516 2736 646 2782 versutus
673 2726 780 2795 aetatis3
807 2726 903 2784 existi-

111 2820 199 2892 mavi,
215 2820 418 2877 honestissime
431 2821 577 2880 molestias
590 2840 673 2897 posse
687 2821 803 2896 deponi,
817 2823 842 2898 si
855 2841 902 2881 me
917 2828 949 2877 25

111 2917 149 2974 sd
169 2916 382 2993 philosophiam
402 2917 571 2976 retulissem.
613 2917 670 2974 Cui
691 2936 758 2975 oum
782 2920 902 2977 multum

110 3012 295 3084 sdoiesoens,
309 3012 441 3070 discendi
455 3015 553 3085 orosi,
567 3013 705 3088 temporis
722 3014 900 3084 tribuissem

100 3120 216 3189 postes
233 3127 322 3187 osan
346 3108 504 3169 honoribus
529 3108 668 3169 inservire
694 3110 779 3186 topi,
799 3126 902 3183 meque
