2167 3609
136 345 194 404 loa
467 352 511 399 nn
531 351 676 399 onmcns.
871 348 971 409 [nm.

179 518 264 577 posse
284 500 406 559 concedi
417 521 423 558 :
444 520 522 573 nam,
536 501 561 558 si
575 499 673 557 omnia
685 497 820 557 facienda
831 497 890 555 sint
902 515 973 572 que

181 599 267 655 amici
281 598 379 670 velint,
394 617 453 655 non
474 598 607 655 amicitiae
627 597 708 668 tales,
724 595 774 652 sed
793 594 975 671 conjuratio-

180 713 241 765 nes,
255 694 389 769 putandae
404 694 469 750 sint.

220 791 334 866 Loquor
349 801 443 847 autem
458 790 494 847 de
508 789 707 849 communibus
724 788 876 846 amicitiis:
897 806 973 845 nam

148 887 210 945 bin
238 887 414 963 sapientibus
440 886 518 958 viris,
544 886 746 962 perfectisque,
774 884 845 942 nihil
872 893 970 960 potest

180 1003 243 1041 esse
263 985 328 1041 tale.
371 983 531 1041 Damonem
547 993 575 1039 et
589 982 744 1050 Phintiam,
760 981 974 1058 Pythagoreos,

181 1080 276 1138 ferunt
295 1081 352 1138 hoc
370 1080 466 1137 animo
484 1079 557 1163 inter
571 1098 601 1135 se
616 1079 713 1149 fuisse,
728 1088 770 1148 ut,
785 1097 852 1135 curn
867 1095 973 1134 eorum-

181 1178 262 1234 alteri
283 1176 440 1251 Dionysius
460 1186 597 1251 tyrannus
615 1175 691 1233 diem
704 1175 786 1233 necis
800 1174 970 1231 destinavis-

180 1284 233 1343 set,
248 1283 277 1329 ct
297 1272 331 1343 is,
351 1272 400 1347 qui
420 1273 505 1328 morti
526 1272 657 1329 addictus
677 1281 761 1344 esset,
782 1289 891 1346 paucos
911 1270 971 1327 sibi

134 1378 165 1427 lo
181 1369 251 1439 dies,
273 1369 567 1425 commendandorum
588 1386 704 1425 suorum
725 1368 823 1438 causi,
843 1367 969 1442 postula·

180 1465 275 1535 visset,
297 1484 346 1521 vas
367 1465 459 1521 sactus
479 1465 516 1521 sit
537 1464 607 1521 alter
627 1464 688 1539 ejus
715 1463 850 1532 sistendi3
879 1473 921 1531 ut,
941 1462 971 1519 si·

181 1562 229 1619 ille
249 1581 307 1618 non
331 1562 502 1628 revertisset,
517 1561 697 1618 moriendum
711 1570 786 1617 esset
800 1559 863 1634 ipsi.
904 1559 968 1620 Qui

181 1676 248 1715 cum
277 1657 311 1714 ad
336 1658 411 1714 diem
438 1676 469 1714 se
496 1656 668 1732 recepisset,
685 1656 839 1712 admiratus
866 1673 971 1712 eorum

181 1753 266 1810 iidem
287 1765 434 1828 tyrannus,
451 1754 561 1829 petivit,
576 1763 607 1810 ut
628 1771 658 1810 se
680 1753 714 1810 ad
737 1751 892 1809 amicitiam
913 1760 973 1808 ter·

135 1862 166 1910 15
181 1849 253 1906 tium
268 1849 469 1914 adscriberent.

220 1944 295 2001 Cum
318 1945 404 2021 igitur
425 1943 454 2001 id
476 1945 550 2020 quod
569 1945 641 2001 utile
657 1944 769 2001 videtur
783 1943 812 2000 in
827 1943 971 2015 amicitid,

183 2059 249 2097 cum
270 2059 305 2097 eo
319 2042 394 2116 quod
415 2042 568 2099 honestum
588 2051 640 2111 est,
656 2050 852 2116 comparatur3
872 2041 973 2117 jaceat

180 2137 313 2195 utilitatis
333 2137 453 2213 species,
468 2137 561 2194 valeat
581 2137 723 2195 honestas.
765 2136 839 2193 Cum
862 2147 972 2208 autem,

182 2235 212 2291 in
234 2234 370 2306 amicitiai,
385 2252 447 2310 quae
468 2234 589 2291 honesta
608 2251 667 2290 non
688 2243 764 2301 sunt,
784 2233 973 2309 postulabun-

133 2344 166 2394 ω
181 2341 243 2398 tur3
265 2329 366 2405 religio
382 2339 411 2386 et
430 2329 501 2385 fides
523 2336 730 2402 anteponantur
752 2328 902 2385 amicitiae:
924 2328 971 2385 sic

183 2411 333 2483 habebitur
354 2424 388 2495 is,
409 2442 493 2498 quem
514 2424 698 2498 exquirimus,
719 2424 848 2481 delectus
869 2423 970 2481 officii.

221 2616 275 2674 XI.
298 2613 366 2687 Sed,
381 2614 512 2672 utilitatis
532 2614 639 2690 specie,
654 2614 684 2671 in
704 2614 853 2690 republica
874 2615 971 2690 sapis·

182 2713 253 2770 sime
286 2721 433 2787 peccatur,
468 2721 499 2768 ut
533 2711 563 2767 in
595 2710 727 2768 Corinthi
760 2711 971 2769 disturbatione

181 2808 289 2865 nostri:
311 2807 410 2864 durius
430 2807 516 2864 etiam
531 2805 734 2877 Athenienses,
749 2806 798 2880 qui
812 2807 969 2878 sciverunt,

134 2907 166 2956 25
181 2913 213 2959 ut
233 2902 388 2978 AEginetis,
409 2903 457 2978 qui
478 2903 570 2959 classe
590 2902 733 2973 valebant,
754 2902 873 2977 pollices
898 2922 971 2979 prar-

182 2997 353 3056 ciderentur.
405 2998 473 3055 Hoc
493 2998 586 3054 visum
607 3008 649 3055 est
670 2998 757 3055 utile:
784 2998 871 3056 nimis
891 2999 970 3057 enim

183 3090 360 3162 imminebat,
380 3103 494 3168 propter
519 3092 772 3169 propinquitatem,
793 3092 903 3173 AEgina
923 3093 970 3152 Pi·
