2167 3609
121 365 216 426 nnn]
414 369 457 416 on
480 368 626 417 osricus.
904 358 960 425 ut

120 533 182 574 non
195 525 308 591 potest:
329 525 448 575 rectene
469 528 565 575 autem
586 518 662 576 hanc
675 516 790 576 tertiam
802 525 914 593 partem

121 612 159 668 ad
179 613 390 687 exquirendum
411 614 538 672 officium
563 614 733 690 adjunxerit,
755 633 792 672 an
819 631 914 685 sacua,

119 708 158 765 de
177 729 214 768 eo
234 709 356 767 sortasse
377 710 516 786 disputari
535 721 639 786 potest.
680 710 768 782 Nam,
785 710 844 768 sive
865 710 915 770 ho·

119 816 237 863 nestum
263 807 359 863 solum
386 808 494 865 bonum
519 817 564 865 est
586 806 631 885 (ut
658 807 767 865 Stoicis
792 807 912 886 placet),

119 903 192 974 sire,
206 904 284 978 quod
306 904 457 962 honestum
478 914 531 975 est,
547 904 576 962 id
592 904 633 962 ita
648 922 792 962 summum
806 904 913 962 bonum
929 910 947 960 Β

119 1009 165 1057 est
190 999 449 1076 (quemadmodum
476 1000 678 1076 Peripateticis
704 1000 810 1058 nostris
837 999 914 1058 vide

119 1098 193 1175 tur),
214 1106 248 1153 ut
274 1098 382 1168 omnia,
406 1117 443 1157 ex
470 1098 560 1155 altera
586 1107 667 1173 parte
694 1097 846 1169 collocata,
867 1096 915 1155 rix

96 1192 236 1251 vminimi
263 1195 401 1253 momenti
429 1195 519 1252 instar
547 1195 688 1265 habeant3
723 1193 938 1252 dubitandum>

119 1308 181 1348 non
202 1299 257 1361 est,
279 1291 349 1365 quin
369 1309 515 1365 nunquam
536 1291 627 1367 possit
647 1291 756 1349 utilitas
776 1309 843 1349 cum
864 1290 915 1348 ho·

119 1396 234 1444 nestate
262 1386 445 1444 contendere.
487 1386 589 1462 Itaque
613 1387 788 1464 accepimns,
810 1388 914 1445 Socra·
930 1390 961 1445 rt

119 1494 180 1540 tem
208 1483 353 1540 exsecrari
380 1484 497 1541 solitum
523 1503 578 1542 eos*
601 1485 651 1559 qui
682 1485 806 1560 primum
840 1483 913 1557 heo,

119 1580 226 1637 natura
248 1579 434 1651 cohaerentia,
448 1580 587 1656 opinione
609 1580 814 1639 distraxissent.
856 1579 914 1638 cui

117 1676 238 1756 quidem
265 1675 306 1733 ita
333 1685 400 1732 sunt
434 1676 528 1734 Stoici
559 1677 677 1749 assensi,
705 1687 746 1749 ut,
773 1675 913 1752 quidquid

118 1774 276 1830 honestum
303 1782 389 1844 esset,
417 1772 446 1829 id
475 1772 546 1829 utile
573 1792 636 1831 esse
668 1783 830 1846 censerent,
856 1791 914 1835 neo
943 1836 956 1841 ,

118 1869 191 1927 utile
206 1867 375 1944 quidquam,
390 1868 467 1943 quod
481 1888 540 1926 non
556 1869 717 1927 honestum.
929 1888 961 1938 15

156 1965 252 2027 Quod
267 1965 292 2022 si
307 1965 331 2022 is
345 1975 421 2024 esset
441 1965 596 2037 Penatium
612 1966 661 2041 qui
678 1967 812 2025 virtutem
831 1984 915 2043 prop-

118 2074 203 2121 terea
224 2062 375 2119 colendam
396 2062 516 2133 diceret,
538 2062 615 2137 quod
635 2082 671 2121 ea
690 2062 819 2122 efficiens
839 2062 915 2124 utili·

118 2160 189 2217 tutis
203 2168 281 2215 esset
296 2156 342 2234 (ut
356 2157 387 2230 ii,
398 2158 448 2233 qui
462 2177 508 2215 res
522 2160 698 2233 expetendas
711 2159 754 2216 vel
770 2159 915 2234 voluptate

118 2257 164 2314 sel
180 2254 343 2313 indolentia
360 2254 545 2333 metiuntur),
559 2254 661 2311 liceret
675 2254 702 2312 ei
717 2254 824 2326 dicere,
839 2253 916 2312 utili·

118 2364 211 2411 tatem
233 2351 387 2427 aliquando
406 2371 474 2409 cum
494 2351 646 2409 honestate
665 2369 803 2428 pugnare
845 2349 913 2422 Sed,
929 2352 961 2405 Ν

119 2469 189 2507 cum
211 2449 250 2506 sit
270 2449 304 2520 is,
326 2448 376 2523 qui
397 2448 427 2506 id
447 2447 541 2505 solum
562 2448 671 2505 bonurn
695 2445 816 2525 judicet,
837 2446 915 2522 quod

119 2547 276 2603 honestum
290 2545 343 2614 sit;
365 2564 429 2619 quae
445 2554 541 2604 autem
556 2544 624 2602 huic
638 2554 798 2622 repugnent
817 2543 915 2620 specie

118 2641 248 2718 quadam
263 2640 404 2712 utilitatis,
415 2658 514 2697 eorum
528 2659 623 2715 neque
635 2640 803 2700 accessione
816 2639 915 2698 melio·

118 2756 183 2796 rem
203 2738 292 2795 vitam
312 2736 386 2808 fieri,
406 2755 463 2793 nec
486 2725 656 2793 decessione
683 2735 827 2812 pejorem
854 2754 913 2796 non

118 2834 235 2894 videtur
256 2832 396 2909 ejusmodi
418 2832 552 2890 debuisse
573 2831 809 2890 deliberationem
826 2831 914 2891 intro·
927 2837 960 2889 Ν

118 2931 242 3001 dooere,
264 2928 295 2986 in
323 2928 390 3003 qud,
411 2926 490 3003 quod
516 2928 588 2985 utile
615 2928 768 3001 rideretur,
790 2946 857 2987 cum
877 2946 914 2988 eo

117 3027 199 3103 quod
226 3027 382 3084 honestum
406 3034 491 3096 esset,
512 3034 734 3100 compararetur.
785 3023 913 3096 Etenim,

118 3123 201 3199 quod
220 3140 366 3181 summum
386 3122 495 3179 bonum
510 3140 527 3178 a
540 3120 649 3179 Stoicis
669 3120 786 3195 dicitur,
807 3126 826 3155 “
836 3119 914 3177 con,

363 3217 400 3273 13
