2167 3609
96 377 181 442 nrt]
391 382 435 429 nu
456 383 602 431 onmcns.
852 349 856 355 ⁵
881 373 938 435 ns

96 533 197 605 tiores,
213 531 249 590 ad
271 532 346 590 bene
367 531 404 591 de
425 533 523 592 multis
543 533 773 611 promerendum.
815 534 890 593 Prae·

96 629 177 686 clare
190 629 314 705 epistold
328 629 452 705 quddam
466 630 663 688 Alexandrum
677 632 768 690 filium
782 631 890 708 Philip-

95 745 151 803 pus
162 736 292 798 accusat,
302 725 378 801 quod
389 726 542 803 largitione
552 727 778 786 benevolentiam
790 728 889 787 Mace·

96 821 208 879 donum
220 832 411 880 consectetur.
448 823 551 885 “Quae
561 835 591 880 te
603 823 723 900 (malum
731 825 773 903 l)''
786 824 887 900 inquit,

97 918 200 977 “ratio
222 919 252 976 in
275 919 359 977 istam
380 938 459 995 spem
476 920 598 992 induxit,
613 931 646 977 ut
659 939 710 978 eos
723 921 775 979 tibi
790 921 887 980 fideles
901 927 918 976 5

95 1026 214 1092 putares
234 1015 306 1087 fore,
321 1034 393 1090 quos
412 1017 538 1092 pecunia
557 1017 752 1094 corrupisses?
793 1018 842 1074 An
855 1029 887 1077 tu

96 1111 126 1168 id
148 1111 221 1188 agis,
236 1121 269 1168 ut
291 1110 478 1183 Macedones,
493 1132 553 1169 non
568 1123 596 1170 te
609 1131 707 1190 regem
727 1132 821 1184 soum,
836 1114 887 1171 sed

96 1208 262 1265 ministrum
275 1217 305 1266 et
316 1208 508 1283 prebitorem,
523 1219 638 1285 sperent
659 1210 764 1268 forel''
806 1209 887 1267 Bene

95 1304 261 1361 ministrum
282 1314 312 1361 et
334 1305 527 1380 praebitorem,
549 1306 618 1381 quia
638 1306 785 1365 sordidum
804 1307 866 1385 regi
877 1329 885 1379 ;

95 1400 199 1457 melius
213 1400 310 1472 ctiam,
325 1402 402 1476 quod
420 1402 603 1479 largitionem
617 1404 808 1480 corruptelam
822 1424 885 1463 esse
901 1410 932 1460 10

95 1496 176 1553 dixit.
220 1496 269 1553 Fit
288 1497 366 1554 euim
387 1497 520 1570 deterior,
536 1499 585 1573 qui
607 1499 722 1576 accipit,
744 1511 828 1575 atque
850 1502 885 1559 ad

96 1592 173 1649 idem
196 1611 307 1669 semper
328 1595 552 1670 exspectandum
573 1595 707 1671 paratior.
749 1596 817 1654 Hoc
837 1597 885 1655 ille

95 1689 169 1747 filio:
190 1689 240 1746 sed
254 1700 429 1766 praeceptum
443 1701 576 1766 putemus
590 1692 732 1751 omuibus.
773 1694 885 1756 Quam·

94 1786 196 1843 obrem
223 1786 254 1842 id
280 1786 395 1861 quidem
421 1806 481 1844 non
512 1788 633 1845 dubium
659 1800 712 1860 est,
739 1790 807 1866 quin
835 1791 885 1849 illa

95 1882 270 1958 benignitas,
285 1902 349 1957 quae
369 1893 483 1940 constet
495 1902 532 1939 ex
545 1884 633 1958 operd
647 1896 676 1943 et
690 1885 841 1959 industrii,
856 1897 885 1944 et
900 1891 931 1940 15

96 1979 243 2037 honestior
265 1979 311 2050 sit,
325 1989 355 2037 et
375 1979 461 2037 latius
483 1990 589 2056 pateat,
604 1991 633 2037 et
646 1982 736 2056 possit
748 1982 885 2057 prodesse

93 2075 234 2150 pluribus.

133 2170 352 2245 Nonnunquam
373 2181 470 2229 tamen
484 2181 527 2228 est
540 2172 737 2248 largiendum3
759 2192 815 2231 nec
829 2174 885 2233 hoc

94 2267 284 2343 benignitatis
303 2285 395 2344 genus
415 2268 535 2325 omnino
553 2267 761 2344 repudiandum
775 2279 834 2339 est;
856 2280 886 2327 et

94 2381 169 2439 saepe
184 2362 295 2421 idoneis
315 2363 480 2421 hominibus
501 2363 696 2440 indigentibus
710 2365 746 2422 de
760 2383 792 2422 re
806 2364 886 2423 fami·
899 2371 931 2421 20

93 2459 159 2517 liari
181 2459 419 2535 impertiendum
441 2459 491 2517 sed
510 2459 672 2537 diligenter,
689 2471 773 2535 atque
787 2462 885 2520 mode·

94 2566 164 2613 rate.
208 2555 294 2613 Multi
315 2555 393 2613 enim
412 2557 585 2632 patrimonia
598 2557 770 2630 effuderunt,
785 2560 885 2617 incon·

94 2652 170 2710 sultc
183 2652 343 2728 largiendo.
383 2652 466 2714 Quid
484 2663 579 2710 autem
594 2665 638 2711 est
650 2655 774 2727 stultius,
788 2676 883 2730 quarn,

94 2748 172 2824 quod
193 2749 316 2806 libenter
337 2749 437 2820 facias,
452 2769 563 2822 curare,
579 2760 610 2808 ut
624 2751 652 2808 id
667 2751 775 2809 diutius
789 2753 884 2811 facere
925 2781 928 2784 ·

94 2864 154 2902 nou
167 2844 283 2920 possisl
323 2846 421 2921 Atque
432 2847 517 2905 etiam
533 2860 691 2921 sequuntur
704 2848 884 2925 largitionem
898 2862 930 2912 25

93 2942 210 3018 rapinae.
266 2942 341 2998 Cum
375 2943 453 3000 enim
486 2943 582 3001 dando
616 2961 702 3020 egere
735 2946 883 3021 cmperint,

94 3037 198 3096 alienis
212 3037 297 3095 bonis
311 3057 414 3096 manus
428 3040 528 3097 afferre
544 3051 694 3117 coguntur.
736 3041 791 3113 Ita,
807 3061 884 3113 curn,

93 3134 304 3193 benevolentia
331 3136 532 3211 comparandae
556 3136 655 3209 causi,
676 3136 799 3195 benefici
822 3154 885 3196 osso
