2167 3609
95 377 122 424 n.
134 378 166 437 1.]
396 366 605 424 os'osrrcus.
899 368 940 429 26

11 511 12 514 ¹
100 524 234 593 Volscos,
255 525 391 598 Sabinos,
406 524 564 597 Hernicos,
586 524 617 583 in
636 523 784 583 civitatem
802 524 893 583 etiam

11 677 12 684 ,
102 631 296 697 acceperunt:
320 631 348 680 at
362 621 569 699 Carthaginem
582 631 613 679 et
625 621 816 680 Numantiam
829 622 894 680 farn·

100 719 177 777 ditus
190 719 387 777 sustulerunt:
408 719 513 778 nollem
530 719 719 778 Corinthum:
740 718 792 776 sed
806 719 893 778 credo

102 815 211 891 aliquid
224 825 350 888 secutos,
366 816 608 893 opportunitatem
628 816 687 873 loci
707 816 841 889 maxime,
854 834 893 875 ne

11 903 13 906 ’
100 922 199 988 posset
214 912 370 988 aliquando
385 913 420 971 ad
435 913 541 971 bellum
556 912 722 970 faciendum
734 912 818 971 locus
831 913 925 989 ipset

11 1005 13 1014 ’
104 1008 259 1067 adhortari.
302 1008 372 1067 Met
383 1009 499 1086 quidem
518 1009 673 1081 sententia,
686 1009 763 1086 paci,
774 1028 837 1085 qua
850 1009 894 1068 ni·

103 1105 144 1162 hil
159 1106 291 1165 habitura
304 1106 342 1165 sit
356 1106 536 1180 insidiarum,
551 1124 664 1182 semper
678 1116 723 1164 est
742 1105 894 1163 cousulen-

103 1202 180 1260 dum.
223 1203 259 1261 ln
281 1223 338 1279 quo
363 1204 388 1261 si
408 1204 480 1262 mibi
500 1214 577 1261 esset
597 1204 841 1279 obtemperatum
868 1202 894 1260 si

102 1318 162 1356 non
171 1300 320 1375 optimam,
331 1313 359 1357 at
371 1301 494 1375 aliquam
505 1301 714 1377 rempublicam
726 1298 804 1377 (que
814 1318 894 1358 nuuc

101 1396 183 1453 nulla
197 1398 254 1476 est)
270 1397 450 1455 haberemus,
491 1397 531 1455 Et
548 1416 615 1455 cum
629 1398 675 1469 iis,
690 1416 763 1473 quos
776 1397 804 1454 vi
818 1397 895 1455 deri·
910 1404 941 1454 10

101 1494 188 1564 ceris,
201 1494 408 1551 consulendum
421 1504 481 1565 est3
502 1504 565 1551 tum
576 1494 607 1566 ii,
616 1494 676 1569 qui,
687 1493 772 1551 armis
782 1493 893 1569 positis,

102 1589 137 1646 ad
157 1590 363 1665 imperatorum
384 1590 470 1647 fidem
490 1590 670 1667 confugient,
684 1591 814 1666 quamvis
833 1609 895 1647 mu·

100 1705 165 1743 rum
189 1687 263 1744 aries
283 1687 467 1763 percusserit,
489 1687 650 1763 recipiendi
667 1689 746 1745 'sunt
788 1687 823 1745 In
837 1705 895 1763 quo

101 1793 254 1859 tantopere
279 1784 354 1860 apud
375 1793 489 1841 nostros
507 1784 619 1861 justitia
639 1784 718 1842 culta
738 1794 791 1856 est,
809 1794 842 1841 ut
862 1783 893 1855 ii,

102 1880 152 1955 qui
166 1871 299 1937 civitates
314 1891 363 1939 aut
376 1880 508 1938 nationes
522 1882 651 1939 devictas
669 1880 745 1939 bello
764 1881 794 1939 in
808 1881 893 1938 fidem
910 1895 941 1944 15

101 1976 292 2053 recepissent,
304 1996 402 2034 earum
416 1978 529 2054 patroni
540 1987 636 2036 essent
650 1996 731 2035 more
744 1978 892 2053 majorum.

142 2074 191 2129 Ao
218 2074 286 2130 belli
311 2073 427 2149 quidem
451 2075 571 2148 aequitas
594 2074 774 2132 sanctissime
798 2073 894 2131 faciali

11 2169 12 2176 '
101 2170 202 2245 populi
223 2170 353 2228 Romani
371 2171 435 2247 jure
455 2171 616 2247 perscripta
628 2182 680 2227 est.
721 2169 768 2227 Ex
781 2188 838 2245 quo
852 2170 894 2226 in·

101 2267 195 2343 telligi
215 2277 320 2343 potest,
340 2268 451 2325 nullum
480 2266 587 2323 bellum
615 2274 678 2323 esse'
698 2266 816 2341 justum,
837 2264 894 2322 nisi

101 2364 179 2440 quod
202 2374 251 2421 aut
271 2365 358 2421 rebus
378 2364 507 2441 repetitis
527 2372 654 2440 geratur,
676 2371 725 2419 aut
745 2361 894 2418 denuntia·
909 2373 940 2421 20

100 2472 163 2517 tum
180 2471 246 2518 ante
261 2461 307 2533 sit,
322 2472 351 2518 et
370 2461 519 2519 indictum.
562 2459 720 2535 Pompilius
741 2459 894 2535 imperator

11 2581 13 2586 ’
101 2558 220 2613 tenebat
240 2558 436 2633 provinciam:
464 2558 494 2615 in
516 2558 600 2634 cujus
620 2557 749 2615 exercitu
773 2556 894 2614 Catonis

102 2653 179 2710 filius
192 2653 249 2710 tiro
263 2653 413 2711 militabat.
455 2654 530 2711 Cum
547 2664 642 2712 autern
660 2653 803 2729 Pompilio
817 2653 893 2710 vide-

101 2758 182 2807 retur
196 2768 285 2806 unam
303 2750 448 2808 dimittere
462 2751 607 2828 legionem
615 2771 623 2821 ;
645 2749 765 2808 Catonis
778 2768 893 2825 quoque

102 2844 204 2917 illium,
219 2846 269 2921 qui
290 2845 321 2904 in
342 2847 444 2905 eidem
465 2847 581 2925 legione
604 2846 756 2917 militabat,
775 2845 891 2904 dimisit.
907 2853 939 2903 ᾖ

103 2941 163 2999 Sed
177 2960 255 3014 cum,
271 2961 368 3001 amore
381 2944 540 3022 pugnandi,
556 2944 586 3001 in
600 2943 728 3000 exercitu
742 2942 893 3000 remansis·

102 3048 156 3111 set,
168 3038 244 3096 Cato
254 3040 289 3098 ad
300 3034 475 3117 Pompilium
486 3040 611 3117 scripsit,
620 3049 663 3110 ut,
672 3039 697 3096 si
705 3058 773 3097 eum
782 3050 892 3115 patere·

102 3144 149 3195 tar
164 3136 195 3195 in
210 3135 341 3196 exercitu
353 3155 514 3211 remouere,
527 3136 658 3197 meando
669 3153 737 3195 eam
750 3135 893 3211 obligaret
