2167 3609
96 342 188 401 um]
384 343 428 389 nn
448 285 594 389 osmcus.
869 327 926 387 167

93 499 222 561 nonest,
236 498 393 565 emptorem
413 490 472 566 pati
492 508 585 561 ruere,
600 499 629 546 et
642 507 692 565 per
710 507 834 546 errorem
848 488 879 545 in

94 585 250 642 maximam
271 586 399 643 fraudem
420 586 587 643 incurreret
630 586 699 642 Plus
718 586 805 642 etiam
825 594 879 655 est,

97 700 180 755 quam
196 682 270 738 viam
285 700 344 738 non
361 692 536 739 monstrare:
558 700 625 738 nam
639 691 682 737 est
696 681 834 738 scientem
848 681 879 737 in

96 796 219 834 errorem
249 778 367 835 alterum
395 778 540 835 inducere.
588 778 736 853 Diogenes
762 787 878 834 contra:

96 872 175 929 Num
196 883 225 930 te
245 892 341 930 emere
361 873 468 950 coegit,
489 874 538 947 qui
559 892 595 930 ne
616 872 745 929 hortatus
765 872 911 948 quidem5

96 971 158 1026 estl
206 969 269 1041 Ille,
291 971 365 1044 quod
385 970 606 1045 conplacebat,
627 970 810 1045 proscripsit}
837 979 879 1040 tu,

95 1066 171 1141 quod
184 1066 326 1141 placebat,
341 1067 443 1123 emisti.
494 1067 583 1127 Quod
598 1066 621 1122 si
636 1066 684 1140 qui
697 1066 880 1140 proscribunt

97 1168 115 1194 “
123 1162 219 1218 uillam
234 1162 348 1233 bonam,
360 1163 489 1236 beneque
503 1162 701 1236 aedificatam,''
713 1180 772 1218 non
786 1160 881 1218 existi-

96 1268 209 1314 mantua
231 1258 374 1330 fefellisse,
389 1257 475 1315 etiam
489 1258 513 1314 si
527 1259 576 1315 illa
595 1277 651 1316 nec
664 1259 739 1315 bona
758 1268 810 1330 est,
825 1276 881 1315 nec

95 1354 237 1411 aedificata
256 1355 381 1425 ratione3
402 1355 492 1412 multo
508 1355 613 1428 minus,
628 1355 677 1429 qui
690 1357 807 1412 domum
821 1373 880 1411 non
896 1357 927 1406 10

95 1450 256 1508 laudbrunt.
297 1450 354 1508 Ubi
375 1452 451 1508 enim
469 1451 611 1527 judicium
624 1452 824 1527 emptorisest,
840 1452 878 1508 ibi

95 1546 173 1604 fraus
197 1546 353 1604 venditoris
379 1567 442 1622 quae
466 1556 560 1621 potest
583 1549 665 1604 essel
706 1548 759 1604 Sin
785 1558 880 1604 autem

94 1643 206 1699 dietum
219 1661 278 1700 non
293 1661 378 1700 omne
395 1643 586 1718 praestandum
602 1653 660 1713 est3
683 1643 757 1717 quod
772 1644 879 1701 dictum

94 1757 155 1796 non
174 1748 226 1809 est,
241 1739 270 1795 id
290 1739 483 1815 praestandum
503 1741 607 1814 putasl
646 1740 730 1801 Quid
749 1759 817 1797 vero
837 1752 880 1798 est

94 1835 220 1906 stultius,
241 1855 326 1910 quam
346 1836 533 1906 venditorem,
554 1836 616 1911 ejus
637 1836 688 1907 rei,
709 1855 793 1912 quam
816 1856 881 1893 ven·
895 1844 927 1892 15

94 1932 154 2003 dat,
176 1931 245 1988 vitia
267 1933 403 1989 narrare?
430 1932 498 2006 quid
520 1942 613 1988 autem
636 1944 693 1988 tam
717 1933 879 2004 absurdum,

94 2046 182 2101 quam
209 2027 243 2098 si,
272 2028 381 2084 domini
411 2028 502 2103 jussu,
531 2028 571 2083 ita
596 2045 692 2102 praeco
724 2028 880 2103 praedicetl

94 2123 252 2180 “Domum
265 2124 446 2199 pestilentem
460 2124 580 2180 vend0.”

135 2220 188 2276 Sic
215 2238 295 2296 ergo,
322 2219 352 2276 in
384 2219 554 2294 quibusdam
587 2219 681 2275 causis
714 2218 818 2289 dubiis,
846 2238 881 2277 ex

94 2316 187 2374 alterii
214 2326 294 2391 parte
321 2316 483 2372 defenditur
510 2315 654 2385 honestas,
675 2334 711 2372 ex
733 2316 820 2373 alteret
841 2315 881 2373 ita
896 2321 928 2369 20

94 2413 132 2469 de
153 2412 277 2470 utilitate
297 2412 412 2482 dicitur,
434 2422 465 2469 ut
488 2411 527 2482 id,
550 2411 625 2485 quod
653 2411 721 2468 utile
741 2412 879 2483 videatur,

94 2528 154 2566 non
176 2508 263 2565 modo
283 2506 377 2564 facere
398 2506 548 2564 honestum
570 2508 620 2575 sit;
642 2507 692 2564 sed
711 2507 807 2577 etiam,
821 2526 880 2564 nou

95 2603 203 2674 lacere,
217 2613 310 2677 turpe.
351 2603 424 2659 Haec
437 2614 479 2659 est
494 2602 552 2673 illa,
567 2622 628 2677 quae
643 2603 753 2659 videtur
768 2604 880 2659 utilium

94 2700 158 2757 fieri
179 2718 246 2756 cum
267 2699 395 2756 honestis
411 2718 485 2775 saepe
498 2698 648 2755 dissensio.
688 2700 765 2761 Quae
779 2699 881 2775 dijudi-

95 2797 192 2854 canda
211 2805 294 2852 suut:
315 2815 374 2853 uon
393 2796 479 2867 enim,
494 2805 525 2852 ut
539 2814 738 2870 quaereremus,
753 2796 881 2871 exposui·
897 2810 929 2859 25
978 2859 980 2862 v

95 2912 170 2965 mus,
193 2893 244 2949 sed
265 2903 296 2949 ut
316 2893 530 2969 explicaremus,
572 2891 640 2949 Non
664 2892 749 2968 igitur
771 2892 881 2949 videtur

94 3007 152 3046 neo
173 2988 377 3046 frumentarius
397 2988 444 3045 ille
471 2988 614 3058 Rhodios,
635 3007 691 3044 uec
711 2988 758 3045 hic
778 2988 882 3045 aedium

94 3084 241 3157 venditor,
276 3084 371 3142 celare
407 3094 548 3161 emptores
584 3084 724 3141 debuisse.
779 3084 882 3159 Neque
