2167 3609
144 324 202 385 1⁰2
476 335 520 384 nn
542 334 687 383 osricus.
889 299 934 395 rc.
944 334 976 382 11.

188 484 255 543 Nec
282 500 349 542 vero
376 484 460 562 hujus
490 485 606 561 tyranni
638 484 741 556 solum,
769 495 854 559 quem
889 483 977 542 umis

189 600 325 658 oppressa
344 583 460 657 pertulit
480 582 591 652 civitas,
611 591 746 656 paretque
768 598 834 636 cum
851 580 976 637 maxime

188 690 312 750 mortuo,
327 679 460 736 interitus
473 678 611 749 declarat,
623 686 760 751 quantum
774 676 870 734 odium
887 677 976 735 homi·

188 794 258 834 num
279 776 370 833 valeat
391 776 426 833 ad
446 786 573 850 pestem3
595 775 645 831 sed
665 774 840 847 reliquorum
867 773 976 830 similes

156 873 281 931 5exitus
301 883 497 948 tyrannorum,
511 890 634 947 quorum
655 870 732 927 haud
751 870 810 926 lere
823 870 975 946 quisquam

188 969 335 1027 interitum
362 969 449 1026 talem
475 967 585 1044 effugit
639 965 738 1023 Malus
765 966 843 1023 enim
878 975 975 1024 custos

188 1065 385 1123 diuturnitatis
421 1075 534 1122 metus:
572 1072 740 1137 contraque,
777 1061 976 1120 benevolentia

187 1161 281 1219 lidelis
294 1171 347 1233 est,
361 1160 405 1218 vel
422 1160 456 1218 nd
472 1159 699 1237 perpetuitatem.

227 1259 286 1315 Sed
306 1258 351 1329 iis,
366 1257 416 1331 qui
429 1257 457 1313 vi
470 1274 622 1332 oppressos
642 1253 762 1330 imperio
777 1258 923 1325 codrcent,
937 1253 975 1312 sit

142 1359 173 1409 10
187 1371 257 1409 sane
278 1353 442 1410 adhibenda
460 1352 579 1424 saevitia,
600 1362 633 1409 ut
652 1350 729 1409 heris
749 1351 779 1408 in
800 1351 932 1421 famulos,
949 1349 975 1408 si

188 1448 270 1506 aliter
290 1449 382 1506 teneri
402 1467 461 1505 non
487 1457 624 1524 possunt:
655 1447 705 1522 qui
731 1465 799 1504 vero
826 1447 855 1505 in
882 1446 975 1503 liberi

187 1544 304 1601 civitate
324 1544 364 1601 ita
383 1563 415 1601 se
436 1544 590 1616 instruunt,
605 1553 637 1601 ut
655 1553 828 1614 metuantur,
843 1542 888 1600 his
900 1541 974 1600 nihil
1010 1611 1015 1618 ἱ

186 1659 249 1697 esse
262 1649 356 1715 potest
368 1641 538 1698 dementius.
579 1639 723 1701 Quamvis
742 1639 821 1697 elrim
835 1639 975 1697 demersae

187 1737 244 1795 sint
277 1736 356 1814 leges
384 1738 504 1815 alicujus
530 1738 642 1814 opibus,
670 1736 799 1812 quamvis
826 1736 976 1793 timefacta

140 1838 172 1887 15
187 1834 314 1906 libertas,
342 1844 493 1911 emergunt
519 1844 616 1892 tamen
644 1834 706 1892 hec
734 1832 896 1907 aliquando,
925 1841 975 1889 aut

183 1929 302 2006 judiciis
321 1930 427 2003 tacitiS,
444 1942 492 1988 aut
505 1921 628 1988 occultis
642 1929 678 1985 de
693 1929 802 1986 honore
821 1928 973 2005 suffragiis.

186 2026 323 2085 Acriores
344 2037 438 2085 autem
458 2044 571 2084 morsus
591 2036 658 2083 sunt
678 2025 846 2082 intermisse
860 2024 975 2082 liberta·

188 2122 233 2194 tis,
248 2142 334 2199 quam
354 2134 480 2181 retentae.
520 2122 611 2184 Quod
633 2121 720 2199 igitur
733 2121 870 2178 latissime
883 2130 973 2196 patet,

186 2238 278 2295 neque
303 2220 338 2277 ad
366 2220 594 2278 incolumitatem
621 2218 722 2289 solum,
744 2217 794 2274 sed
821 2215 908 2274 etiam
938 2218 974 2274 ad

138 2326 171 2376 20
186 2334 256 2391 opes
276 2325 305 2373 et
324 2316 481 2391 potentiam
495 2315 570 2372 valet
589 2314 754 2390 plurimum,
770 2313 799 2371 id
821 2313 974 2389 amplecta-

186 2431 259 2484 mur,
287 2422 319 2469 ut
345 2422 439 2469 metus
466 2412 550 2482 absit,
577 2411 682 2470 caritas
707 2409 873 2470 retineatur.
927 2408 974 2467 Ita

186 2507 332 2577 facillime,
354 2526 417 2580 que
437 2506 576 2578 solemus,
597 2516 625 2563 et
644 2505 762 2581 privatis
782 2504 811 2561 in
832 2505 929 2575 rebus,
945 2514 974 2563 et

187 2603 216 2660 in
245 2601 403 2677 republicis,
431 2621 648 2676 consequemur.
709 2600 835 2672 Etenim,
863 2601 914 2676 qui
941 2619 974 2658 se

186 2697 276 2755 metui
296 2697 402 2770 volent,
424 2717 441 2755 a
460 2698 564 2772 quibus
583 2707 757 2769 metueutur,
777 2697 894 2753 eosdem
914 2714 974 2754 me-

138 2799 171 2849 25
186 2804 268 2851 tuant
282 2794 346 2869 ipsi,
361 2813 480 2851 necesse
494 2804 546 2851 est.

224 2889 306 2949 Quid
321 2890 398 2946 enim
413 2909 565 2947 censemus
578 2873 755 2965 superiorem
770 2887 849 2945 illum
864 2885 975 2965 Diony·

185 2984 271 3056 sium,
293 3004 351 3060 quo
371 2987 500 3043 cruciatu
520 2986 632 3046 timoris
654 2985 720 3063 angi
742 2984 879 3043 solituml
913 2984 974 3059 qui,

187 3080 294 3142 cultros
307 3092 438 3142 metuens
457 3082 611 3156 tonsorios,
625 3081 763 3143 candenti
777 3081 905 3142 carbone
917 3078 976 3141 sibi
