2167 3609
150 352 207 412 138
480 361 525 410 ue
546 360 690 410 osricus.
896 359 978 421 [ura

230 512 266 569 In
286 512 331 569 his
352 522 446 570 autern
466 512 621 578 utilitatum
640 509 801 587 preceptis,
821 508 977 585 Antipater

190 609 308 684 Tyrius,
321 611 447 680 Stoicus,
460 608 522 686 (qui
535 608 658 666 Athenis
671 625 761 683 nuper
774 619 818 664 est
831 607 975 687 mortuus)

190 708 249 764 duo
267 707 411 782 preterita
430 718 530 764 oenset
545 725 608 763 essa
623 705 790 776 aPauetio‚
805 705 976 764 valetudinis

190 805 369 861 curationem
401 814 445 882 et*
462 804 610 880 pecunie:
644 821 715 878 quas
745 821 791 859 res
819 821 836 860 a
862 821 976 859 summo

161 911 177 958 5
190 901 359 976 philosopho
379 900 535 976 praeteritas
557 900 686 967 arbitror,
701 898 778 973 quod
796 908 892 956 essent
906 899 976 956 faei-

189 997 248 1054 les:
269 1007 336 1055 sunt
349 1008 427 1055 eerte
442 997 534 1055 utiles.
576 997 635 1054 Sed
648 996 782 1054 valetudo
799 1006 975 1054 sustentatur

189 1095 291 1153 notitiis
318 1096 363 1152 sui
390 1095 533 1170 eorporis3
562 1104 591 1150 et
610 1094 818 1165 observatione,
841 1112 904 1168 quie
927 1113 975 1151 res

190 1201 239 1249 aut
258 1193 393 1266 prodesse
413 1191 597 1265 soleantsaut
615 1191 731 1261 obesse3
752 1201 781 1247 et
795 1191 975 1250 eontinentid

190 1288 219 1344 in
252 1288 330 1345 victu
363 1289 442 1345 omni
476 1299 561 1362 atque
594 1288 683 1358 cultu,
711 1288 840 1363 eorporis
872 1288 975 1346 tuendi

145 1386 176 1435 10
189 1385 293 1453 oausa3
321 1393 350 1440 et
368 1384 616 1458 praetermittendis
636 1384 843 1460 voluptatibus3
866 1396 975 1460 postre-

188 1498 244 1551 mo,
261 1492 320 1536 arte
334 1498 443 1551 eorum,
458 1499 579 1555 quorum
594 1481 629 1538 ad
643 1481 793 1538 seientiam
808 1481 869 1539 haee
889 1482 975 1557 perti·

189 1586 266 1633 nent.
320 1576 383 1634 Res
409 1586 504 1635 autem
537 1576 685 1635 familiaris
711 1578 799 1653 quaeri
824 1577 911 1634 debet
939 1578 974 1636 iis

190 1672 275 1730 rebus
290 1692 306 1730 a
319 1673 423 1747 quibus
438 1674 517 1730 abest
530 1673 685 1749 turpitudo,
701 1674 863 1732 conservari
877 1684 974 1732 autem

190 1768 340 1845 diligentia
366 1780 396 1827 et
421 1771 612 1846 parsimonid;
645 1771 746 1828 iisdem
773 1771 859 1828 etiam
887 1772 974 1829 rebus

144 1864 175 1912 15
189 1866 296 1941 augeri.
338 1866 400 1924 Has
420 1886 465 1924 res
485 1867 717 1924 commodissime
736 1867 901 1943 Xenophon
922 1869 975 1926 So·

187 1961 315 2018 oratieus
333 1974 501 2038 persecutus
521 1974 565 2021 est
585 1963 614 2020 in
635 1982 671 2020 eo
690 1963 774 2034 libro,
793 1963 843 2038 qui
857 1963 974 2023 “OEeo·

189 2058 343 2115 nomieus''
359 2059 540 2128 inscribitur3
562 2078 646 2133 quern
667 2080 729 2131 uos,
745 2060 799 2117 isit
814 2060 873 2118 sere
889 2071 974 2119 aetate

189 2172 255 2211 cum
275 2173 412 2227 essemus,
427 2156 484 2231 qua
502 2176 535 2213 es
555 2167 586 2214 tu
602 2175 690 2228 nuno,
705 2175 721 2213 e
734 2157 837 2216 Graeeo
852 2157 881 2215 iu
896 2158 976 2216 Lati·

188 2270 258 2307 uum
271 2253 473 2310 convertimus.

142 2450 174 2498 20
228 2443 326 2501 XXV.
355 2446 413 2502 Sed
440 2446 595 2503 utilitatum
623 2448 797 2523 comparatio
825 2446 974 2523 (quoniam

188 2538 237 2595 hie
257 2540 339 2597 loeus
358 2551 419 2599 erat
438 2554 555 2616 quartus
572 2562 589 2600 a
604 2543 731 2602 Panaetio
751 2545 973 2625 praetermissus)

186 2653 264 2710 saepe
278 2646 321 2693 est
335 2639 505 2697 necessaria.
547 2639 577 2695 N
579 2658 624 2698 nm
638 2651 667 2697 et
681 2641 810 2716 eorporis
820 2643 976 2700 commoda

188 2748 257 2786 oum
277 2733 412 2805 externis,
432 2744 461 2791 et
481 2746 599 2793 externe
619 2755 685 2794 eum
706 2737 842 2813 eorporis,
862 2748 892 2795 et
913 2739 976 2814 ipsa

189 2824 263 2883 inter
278 2846 309 2884 se
323 2830 461 2905 eorporis,
476 2840 505 2887 et
522 2841 641 2891 externa
652 2824 727 2890 ‘eum
746 2834 880 2905 externis,
896 2853 976 2892 eom·

142 2932 175 2982 us
189 2921 283 2995 parari
297 2923 397 2982 soient
438 2925 514 2983 Cum
528 2928 663 2999 externis,
678 2929 806 3005 eorporis
820 2929 875 2988 hoe
889 2931 977 2988 modo

188 3028 408 3090 comparantur:
429 3020 535 3079 Vrlere
554 3033 587 3081 ut
601 3023 694 3096 malis,
709 3043 794 3099 quum
808 3025 888 3083 divas
902 3044 976 3084 esse.

190 3107 266 3168 Cum
286 3114 414 3190 eorporis
433 3125 560 3191 externa,
581 3117 638 3178 hoa
664 3120 767 3180 modo:
795 3119 887 3181 Dives
910 3140 980 3184 essa
