2167 3609
323 741 366 796 M.
391 732 556 796 TlJLLII'
581 735 822 794 CICERONIS

431 931 493 1009 tia
522 940 725 1019 omens,

553 1114 591 1150 An

384 1255 570 1304 MARcUM
594 1251 765 1314 almum,

438 1422 537 1469 maala
551 1409 706 1469 malus,

486 1606 660 1617 --—--—-—

221 1754 245 1812 1.
265 1755 404 1813 Pontum
426 1757 607 1827 Samariam,
629 1755 730 1813 Maiae
751 1753 802 1825 fili,
819 1772 897 1825 aum,
919 1752 970 1829 qui

181 1851 289 1927 primus
303 1851 460 1909 Africanus
482 1851 639 1927 appellatus
660 1862 712 1921 ast,
727 1851 824 1909 dicare
840 1849 970 1922 solitum,

183 1947 297 2022 scripsit
317 1947 401 2019 Cato,
416 1949 465 2024 qui
486 1948 539 2005 fuit
560 1948 619 2005 fere
640 1948 703 2024 ejus
716 1947 841 2022 aequalia,
857 1953 875 1979 ‘⁴
885 1946 916 2003 N
920 1966 972 2005 un·

183 2062 312 2117 quantae
327 2045 420 2102 minus
434 2045 557 2102 otiosum
570 2064 644 2116 esse,
658 2062 742 2119 quam
758 2063 823 2101 aum
841 2043 970 2113 otiosus;

151 2143 168 2193 5
184 2158 238 2197 nea
252 2141 346 2198 minus
360 2142 462 2211 solum,
473 2159 559 2216 quam
573 2160 640 2198 cum
654 2140 731 2197 solus
742 2141 845 2197 asset.'’
888 2138 972 2217 Mag·

183 2235 271 2293 nifiaa
284 2256 350 2293 varo
364 2256 427 2308 vox,
442 2247 470 2295 at
484 2255 590 2313 magno
603 2237 663 2294 viro
679 2255 712 2293 aa
727 2236 855 2311 sapiente
869 2235 971 2312 digna,

184 2351 248 2406 quae
268 2333 403 2404 declarat,
418 2333 497 2390 illum
518 2343 547 2390 at
568 2333 598 2390 in
618 2333 678 2390 otio
699 2333 735 2389 de
754 2332 878 2408 negotiis
893 2333 973 2409 cogi·

184 2438 255 2499 tare,
276 2438 305 2485 at
325 2428 355 2485 in
375 2429 528 2487 solitudine
549 2448 648 2487 satum
672 2428 751 2503 loqui
778 2428 911 2499 solitum3
939 2438 974 2487 ut

184 2541 277 2599 nequa
301 2534 427 2582 cessaret
450 2543 585 2600 unquam,
606 2538 635 2583 at
658 2524 801 2584 interdum
826 2525 973 2600 colloquio

139 2629 170 2679 to
185 2619 300 2677 alterius
320 2639 379 2680 non
399 2631 504 2697 ageret.
545 2621 646 2696 Itaque
666 2622 730 2679 duae
751 2641 805 2692 res,
827 2640 891 2696 quae
912 2622 973 2679 lan·

184 2734 304 2792 guorem
324 2716 446 2773 afferunt
466 2718 587 2789 caeteris,
604 2717 684 2775 illum
706 2717 858 2789 acuebant,
879 2717 974 2775 otium

185 2820 215 2868 et
227 2811 360 2869 solitudo.
401 2812 514 2869 Vallem
533 2814 618 2872 nobis
632 2814 688 2871 hoo
702 2813 779 2871 idam
793 2832 859 2871 vara
873 2801 974 2872 diaeta

184 2905 301 2963 litaret:
322 2906 383 2979 aad,
397 2908 421 2964 si
435 2908 530 2965 minus
551 2909 711 2966 imitatione
731 2919 840 2967 tantam
861 2910 974 2986 ingenii

184 3001 376 3076 praestantiam
396 3003 533 3078 consequi
553 3022 714 3078 possumus,
729 3005 873 3063 voluntate
893 3017 974 3063 certa

139 3110 172 3162 ιε
184 3094 313 3175 proxime
332 3098 505 3156 accedimus.
547 3098 624 3157 Nam
639 3110 668 3158 at
682 3116 698 3158 a
711 3100 861 3179 republict
878 3100 975 3160 foran-
