<?xml version="1.0" encoding="UTF-8"?>
<!DOCTYPE html PUBLIC "-//W3C//DTD XHTML 1.0 Transitional//EN"
    "http://www.w3.org/TR/xhtml1/DTD/xhtml1-transitional.dtd">
<html xmlns="http://www.w3.org/1999/xhtml" xml:lang="en" lang="en">
 <head>
  <title>
</title>
<meta http-equiv="Content-Type" content="text/html;charset=utf-8" />
  <meta name='ocr-system' content='tesseract 3.04.00' />
  <meta name='ocr-capabilities' content='ocr_page ocr_carea ocr_par ocr_line ocrx_word'/>
</head>
<body>
  <div class='ocr_page' id='page_1' title='image "./mtciceronisdeof01dillgoog/mtciceronisdeof01dillgoog_0137.png"; bbox 0 0 2167 3609; ppageno 0'>
   <div class='ocr_carea' id='block_1_1' title="bbox 96 345 929 440">
    <p class='ocr_par' dir='ltr' id='par_1_1' title="bbox 96 345 929 440">
     <span class='ocr_line' id='line_1_1' title="bbox 96 345 929 440; baseline -0.011 -28"><span class='ocrx_word' id='word_1_1' title='bbox 96 366 178 440; x_wconf 74' lang='lat' dir='ltr'>nn]</span> <span class='ocrx_word' id='word_1_2' title='bbox 400 366 443 413; x_wconf 84' lang='lat' dir='ltr'>nn</span> <span class='ocrx_word' id='word_1_3' title='bbox 465 366 611 413; x_wconf 75' lang='lat' dir='ltr'>osricus.</span> <span class='ocrx_word' id='word_1_4' title='bbox 875 345 929 405; x_wconf 79' lang='lat'>131</span> 
     </span>
    </p>
   </div>
   <div class='ocr_carea' id='block_1_2' title="bbox 82 510 927 3191">
    <p class='ocr_par' dir='ltr' id='par_1_2' title="bbox 93 510 927 1457">
     <span class='ocr_line' id='line_1_2' title="bbox 96 510 883 591; baseline -0.004 -20"><span class='ocrx_word' id='word_1_5' title='bbox 96 513 278 571; x_wconf 86' lang='lat' dir='ltr'>moderatum</span> <span class='ocrx_word' id='word_1_6' title='bbox 312 513 466 591; x_wconf 74' lang='lat' dir='ltr'>prebuit);</span> <span class='ocrx_word' id='word_1_7' title='bbox 500 512 551 571; x_wconf 86' lang='lat' dir='ltr'>sed</span> <span class='ocrx_word' id='word_1_8' title='bbox 585 531 661 585; x_wconf 89' lang='lat' dir='ltr'>cum,</span> <span class='ocrx_word' id='word_1_9' title='bbox 696 511 726 569; x_wconf 92' lang='lat' dir='ltr'>in</span> <span class='ocrx_word' id='word_1_10' title='bbox 761 510 883 589; x_wconf 82' lang='lat' dir='ltr'>agendo,</span> 
     </span>
     <span class='ocr_line' id='line_1_3' title="bbox 96 609 883 686; baseline -0.001 -20"><span class='ocrx_word' id='word_1_11' title='bbox 96 610 189 666; x_wconf 88' lang='lat' dir='ltr'>multa</span> <span class='ocrx_word' id='word_1_12' title='bbox 204 609 390 686; x_wconf 83' lang='lat' dir='ltr'><strong>populariter,</strong></span> <span class='ocrx_word' id='word_1_13' title='bbox 405 619 466 667; x_wconf 90' lang='lat' dir='ltr'>tum</span> <span class='ocrx_word' id='word_1_14' title='bbox 486 609 557 667; x_wconf 90' lang='lat' dir='ltr'>illud</span> <span class='ocrx_word' id='word_1_15' title='bbox 577 610 661 681; x_wconf 89' lang='lat' dir='ltr'>male,</span> <span class='ocrx_word' id='word_1_16' title='bbox 677 615 764 666; x_wconf 86' lang='lat' dir='ltr'>“non</span> <span class='ocrx_word' id='word_1_17' title='bbox 778 628 840 666; x_wconf 87' lang='lat' dir='ltr'>esse</span> <span class='ocrx_word' id='word_1_18' title='bbox 853 609 883 665; x_wconf 93' lang='lat' dir='ltr'>in</span> 
     </span>
     <span class='ocr_line' id='line_1_4' title="bbox 97 706 882 782; baseline 0 -19"><span class='ocrx_word' id='word_1_19' title='bbox 97 706 214 763; x_wconf 85' lang='lat' dir='ltr'>civitate</span> <span class='ocrx_word' id='word_1_20' title='bbox 228 706 287 764; x_wconf 91' lang='lat' dir='ltr'>duo</span> <span class='ocrx_word' id='word_1_21' title='bbox 301 706 391 764; x_wconf 91' lang='lat' dir='ltr'>millia</span> <span class='ocrx_word' id='word_1_22' title='bbox 404 707 564 776; x_wconf 89' lang='lat' dir='ltr'>hominum,</span> <span class='ocrx_word' id='word_1_23' title='bbox 577 706 627 782; x_wconf 91' lang='lat' dir='ltr'>qui</span> <span class='ocrx_word' id='word_1_24' title='bbox 641 724 701 762; x_wconf 87' lang='lat' dir='ltr'>rem</span> <span class='ocrx_word' id='word_1_25' title='bbox 716 706 882 763; x_wconf 86' lang='lat' dir='ltr'>haberent.”</span> 
     </span>
     <span class='ocr_line' id='line_1_5' title="bbox 96 801 883 877; baseline 0.001 -18"><span class='ocrx_word' id='word_1_26' title='bbox 96 802 238 877; x_wconf 78' lang='lat' dir='ltr'>Capitalis</span> <span class='ocrx_word' id='word_1_27' title='bbox 271 803 371 870; x_wconf 91' lang='lat' dir='ltr'>oratio,</span> <span class='ocrx_word' id='word_1_28' title='bbox 399 813 429 859; x_wconf 90' lang='lat' dir='ltr'>et</span> <span class='ocrx_word' id='word_1_29' title='bbox 457 803 491 859; x_wconf 90' lang='lat' dir='ltr'>ad</span> <span class='ocrx_word' id='word_1_30' title='bbox 518 801 709 877; x_wconf 72' lang='lat' dir='ltr'>aquationem</span> <span class='ocrx_word' id='word_1_31' title='bbox 742 802 883 860; x_wconf 86' lang='lat' dir='ltr'>bonorum</span> 
     </span>
     <span class='ocr_line' id='line_1_6' title="bbox 94 889 913 975; baseline -0.002 -21"><span class='ocrx_word' id='word_1_32' title='bbox 94 889 245 973; x_wconf 83' lang='lat' dir='ltr'>pertinens</span> <span class='ocrx_word' id='word_1_33' title='bbox 252 919 260 968; x_wconf 90' lang='grc'>;</span> <span class='ocrx_word' id='word_1_34' title='bbox 290 899 347 974; x_wconf 68' lang='lat' dir='ltr'>qua</span> <span class='ocrx_word' id='word_1_35' title='bbox 372 910 452 975; x_wconf 90' lang='lat' dir='ltr'>peste</span> <span class='ocrx_word' id='word_1_36' title='bbox 478 919 541 974; x_wconf 84' lang='lat' dir='ltr'>quae</span> <span class='ocrx_word' id='word_1_37' title='bbox 567 908 661 974; x_wconf 87' lang='lat' dir='ltr'>potest</span> <span class='ocrx_word' id='word_1_38' title='bbox 688 916 751 955; x_wconf 88' lang='lat' dir='ltr'>esse</span> <span class='ocrx_word' id='word_1_39' title='bbox 774 899 913 974; x_wconf 84' lang='lat' dir='ltr'>majorl5</span> 
     </span>
     <span class='ocr_line' id='line_1_7' title="bbox 95 993 881 1067; baseline 0 -16"><span class='ocrx_word' id='word_1_40' title='bbox 95 993 183 1052; x_wconf 90' lang='lat' dir='ltr'>Hanc</span> <span class='ocrx_word' id='word_1_41' title='bbox 204 995 282 1052; x_wconf 88' lang='lat' dir='ltr'>enim</span> <span class='ocrx_word' id='word_1_42' title='bbox 296 996 334 1052; x_wconf 94' lang='lat' dir='ltr'>ob</span> <span class='ocrx_word' id='word_1_43' title='bbox 348 1014 464 1053; x_wconf 84' lang='lat' dir='ltr'>causam</span> <span class='ocrx_word' id='word_1_44' title='bbox 483 995 616 1066; x_wconf 85' lang='lat' dir='ltr'>maxime,</span> <span class='ocrx_word' id='word_1_45' title='bbox 631 1004 663 1051; x_wconf 90' lang='lat' dir='ltr'>ut</span> <span class='ocrx_word' id='word_1_46' title='bbox 676 1013 729 1051; x_wconf 84' lang='lat' dir='ltr'>sua</span> <span class='ocrx_word' id='word_1_47' title='bbox 741 1004 881 1067; x_wconf 87' lang='lat' dir='ltr'>tenerent,</span> 
     </span>
     <span class='ocr_line' id='line_1_8' title="bbox 94 1090 881 1167; baseline 0.001 -20"><span class='ocrx_word' id='word_1_48' title='bbox 94 1090 265 1166; x_wconf 74' lang='lat' dir='ltr'>respublica</span> <span class='ocrx_word' id='word_1_49' title='bbox 286 1091 472 1167; x_wconf 86' lang='lat' dir='ltr'>civitatesque</span> <span class='ocrx_word' id='word_1_50' title='bbox 494 1092 657 1149; x_wconf 85' lang='lat' dir='ltr'>constitutae</span> <span class='ocrx_word' id='word_1_51' title='bbox 679 1100 753 1148; x_wconf 90' lang='lat' dir='ltr'>sunt.</span> <span class='ocrx_word' id='word_1_52' title='bbox 794 1090 881 1162; x_wconf 86' lang='lat' dir='ltr'>Nam,</span> 
     </span>
     <span class='ocr_line' id='line_1_9' title="bbox 94 1187 881 1265; baseline -0.003 -20"><span class='ocrx_word' id='word_1_53' title='bbox 94 1188 159 1258; x_wconf 87' lang='lat' dir='ltr'>etsi,</span> <span class='ocrx_word' id='word_1_54' title='bbox 196 1189 271 1246; x_wconf 90' lang='lat' dir='ltr'>duce</span> <span class='ocrx_word' id='word_1_55' title='bbox 306 1190 419 1259; x_wconf 72' lang='lat' dir='ltr'>natural,</span> <span class='ocrx_word' id='word_1_56' title='bbox 454 1188 703 1265; x_wconf 80' lang='lat' dir='ltr'>congregabantur</span> <span class='ocrx_word' id='word_1_57' title='bbox 740 1187 881 1259; x_wconf 85' lang='lat' dir='ltr'>homines,</span> 
     </span>
     <span class='ocr_line' id='line_1_10' title="bbox 95 1284 881 1360; baseline -0.001 -19"><span class='ocrx_word' id='word_1_58' title='bbox 95 1292 203 1356; x_wconf 86' lang='lat' dir='ltr'>tamen,</span> <span class='ocrx_word' id='word_1_59' title='bbox 230 1305 280 1360; x_wconf 89' lang='lat' dir='ltr'>spe</span> <span class='ocrx_word' id='word_1_60' title='bbox 314 1285 452 1343; x_wconf 77' lang='lat' dir='ltr'>crutodiae</span> <span class='ocrx_word' id='word_1_61' title='bbox 485 1303 580 1341; x_wconf 87' lang='lat' dir='ltr'>rerum</span> <span class='ocrx_word' id='word_1_62' title='bbox 614 1303 739 1355; x_wconf 87' lang='lat' dir='ltr'>suarum,</span> <span class='ocrx_word' id='word_1_63' title='bbox 767 1284 881 1341; x_wconf 88' lang='lat' dir='ltr'>urbium</span> 
     </span>
     <span class='ocr_line' id='line_1_11' title="bbox 93 1381 927 1457; baseline 0.008 -21"><span class='ocrx_word' id='word_1_64' title='bbox 93 1381 229 1455; x_wconf 79' lang='lat' dir='ltr'>praesidia</span> <span class='ocrx_word' id='word_1_65' title='bbox 242 1382 413 1457; x_wconf 80' lang='lat' dir='ltr'>quaerebant.</span> <span class='ocrx_word' id='word_1_66' title='bbox 895 1384 927 1432; x_wconf 89' lang='lat'>1⁰</span> 
     </span>
    </p>

    <p class='ocr_par' dir='ltr' id='par_1_3' title="bbox 89 1476 925 2419">
     <span class='ocr_line' id='line_1_12' title="bbox 133 1476 880 1554; baseline 0.001 -21"><span class='ocrx_word' id='word_1_67' title='bbox 133 1477 239 1534; x_wconf 86' lang='lat' dir='ltr'>Danda</span> <span class='ocrx_word' id='word_1_68' title='bbox 253 1478 339 1535; x_wconf 86' lang='lat' dir='ltr'>etiam</span> <span class='ocrx_word' id='word_1_69' title='bbox 353 1497 442 1553; x_wconf 89' lang='lat' dir='ltr'>opera</span> <span class='ocrx_word' id='word_1_70' title='bbox 451 1488 504 1547; x_wconf 87' lang='lat' dir='ltr'>est,</span> <span class='ocrx_word' id='word_1_71' title='bbox 515 1496 552 1535; x_wconf 88' lang='lat' dir='ltr'>ne</span> <span class='ocrx_word' id='word_1_72' title='bbox 564 1476 654 1554; x_wconf 80' lang='lat' dir='ltr'>(quod</span> <span class='ocrx_word' id='word_1_73' title='bbox 671 1476 744 1553; x_wconf 86' lang='lat' dir='ltr'>apud</span> <span class='ocrx_word' id='word_1_74' title='bbox 759 1477 880 1553; x_wconf 82' lang='lat' dir='ltr'>majores</span> 
     </span>
     <span class='ocr_line' id='line_1_13' title="bbox 93 1574 879 1650; baseline 0 -20"><span class='ocrx_word' id='word_1_75' title='bbox 93 1584 208 1631; x_wconf 86' lang='lat' dir='ltr'>nostros</span> <span class='ocrx_word' id='word_1_76' title='bbox 228 1593 303 1649; x_wconf 85' lang='lat' dir='ltr'>saepe</span> <span class='ocrx_word' id='word_1_77' title='bbox 324 1574 419 1645; x_wconf 88' lang='lat' dir='ltr'>fiebat,</span> <span class='ocrx_word' id='word_1_78' title='bbox 440 1585 554 1650; x_wconf 88' lang='lat' dir='ltr'>propter</span> <span class='ocrx_word' id='word_1_79' title='bbox 582 1574 673 1631; x_wconf 84' lang='lat' dir='ltr'>aerarii</span> <span class='ocrx_word' id='word_1_80' title='bbox 700 1574 879 1644; x_wconf 83' lang='lat' dir='ltr'>tenuitatem,</span> 
     </span>
     <span class='ocr_line' id='line_1_14' title="bbox 94 1669 881 1749; baseline 0.001 -24"><span class='ocrx_word' id='word_1_81' title='bbox 94 1670 347 1744; x_wconf 81' lang='lat' dir='ltr'>assiduitatemque</span> <span class='ocrx_word' id='word_1_82' title='bbox 364 1670 515 1749; x_wconf 85' lang='lat' dir='ltr'>bellorum)</span> <span class='ocrx_word' id='word_1_83' title='bbox 531 1670 669 1727; x_wconf 87' lang='lat' dir='ltr'>tributum</span> <span class='ocrx_word' id='word_1_84' title='bbox 683 1670 719 1726; x_wconf 89' lang='lat' dir='ltr'>sit</span> <span class='ocrx_word' id='word_1_85' title='bbox 733 1669 881 1726; x_wconf 84' lang='lat' dir='ltr'>conferen-</span> 
     </span>
     <span class='ocr_line' id='line_1_15' title="bbox 92 1765 880 1841; baseline 0.001 -20"><span class='ocrx_word' id='word_1_86' title='bbox 92 1766 181 1834; x_wconf 90' lang='lat' dir='ltr'>dum;</span> <span class='ocrx_word' id='word_1_87' title='bbox 202 1765 287 1840; x_wconf 90' lang='lat' dir='ltr'>idque</span> <span class='ocrx_word' id='word_1_88' title='bbox 308 1785 346 1823; x_wconf 87' lang='lat' dir='ltr'>ne</span> <span class='ocrx_word' id='word_1_89' title='bbox 367 1766 489 1838; x_wconf 88' lang='lat' dir='ltr'>eveniat,</span> <span class='ocrx_word' id='word_1_90' title='bbox 511 1766 602 1824; x_wconf 90' lang='lat' dir='ltr'>multo</span> <span class='ocrx_word' id='word_1_91' title='bbox 624 1776 690 1823; x_wconf 88' lang='lat' dir='ltr'>ante</span> <span class='ocrx_word' id='word_1_92' title='bbox 711 1767 765 1822; x_wconf 90' lang='lat' dir='ltr'>erit</span> <span class='ocrx_word' id='word_1_93' title='bbox 788 1766 880 1841; x_wconf 88' lang='lat' dir='ltr'>provi·</span> 
     </span>
     <span class='ocr_line' id='line_1_16' title="bbox 92 1861 925 1939; baseline -0.005 -21"><span class='ocrx_word' id='word_1_94' title='bbox 92 1861 229 1919; x_wconf 89' lang='lat' dir='ltr'>dendum.</span> <span class='ocrx_word' id='word_1_95' title='bbox 284 1862 336 1919; x_wconf 90' lang='lat' dir='ltr'>Sin</span> <span class='ocrx_word' id='word_1_96' title='bbox 363 1881 420 1936; x_wconf 90' lang='lat' dir='ltr'>qua</span> <span class='ocrx_word' id='word_1_97' title='bbox 446 1864 602 1920; x_wconf 88' lang='lat' dir='ltr'>necessitas</span> <span class='ocrx_word' id='word_1_98' title='bbox 633 1863 718 1939; x_wconf 84' lang='lat' dir='ltr'>hujus</span> <span class='ocrx_word' id='word_1_99' title='bbox 752 1863 879 1920; x_wconf 88' lang='lat' dir='ltr'>muneris</span> <span class='ocrx_word' id='word_1_100' title='bbox 894 1866 925 1915; x_wconf 82' lang='lat'>15</span> 
     </span>
     <span class='ocr_line' id='line_1_17' title="bbox 93 1957 878 2035; baseline 0.001 -20"><span class='ocrx_word' id='word_1_101' title='bbox 93 1958 181 2016; x_wconf 86' lang='lat' dir='ltr'>alicui</span> <span class='ocrx_word' id='word_1_102' title='bbox 208 1958 374 2033; x_wconf 83' lang='lat' dir='ltr'>reipublicae</span> <span class='ocrx_word' id='word_1_103' title='bbox 397 1959 560 2028; x_wconf 85' lang='lat' dir='ltr'>obvenerit3</span> <span class='ocrx_word' id='word_1_104' title='bbox 589 1957 679 2035; x_wconf 89' lang='lat' dir='ltr'>(malo</span> <span class='ocrx_word' id='word_1_105' title='bbox 699 1958 776 2016; x_wconf 89' lang='lat' dir='ltr'>enim</span> <span class='ocrx_word' id='word_1_106' title='bbox 798 1959 878 2016; x_wconf 87' lang='lat' dir='ltr'>alteri</span> 
     </span>
     <span class='ocr_line' id='line_1_18' title="bbox 89 2054 878 2130; baseline 0 -19"><span class='ocrx_word' id='word_1_107' title='bbox 89 2073 176 2129; x_wconf 87' lang='lat' dir='ltr'>quam</span> <span class='ocrx_word' id='word_1_108' title='bbox 198 2064 303 2111; x_wconf 86' lang='lat' dir='ltr'>nostrae</span> <span class='ocrx_word' id='word_1_109' title='bbox 324 2055 461 2124; x_wconf 85' lang='lat' dir='ltr'>ominari3</span> <span class='ocrx_word' id='word_1_110' title='bbox 482 2073 577 2130; x_wconf 87' lang='lat' dir='ltr'>neque</span> <span class='ocrx_word' id='word_1_111' title='bbox 597 2065 692 2111; x_wconf 87' lang='lat' dir='ltr'>tamen</span> <span class='ocrx_word' id='word_1_112' title='bbox 713 2055 749 2111; x_wconf 91' lang='lat' dir='ltr'>de</span> <span class='ocrx_word' id='word_1_113' title='bbox 770 2054 878 2125; x_wconf 66' lang='lat' dir='ltr'>nostra,</span> 
     </span>
     <span class='ocr_line' id='line_1_19' title="bbox 89 2150 876 2229; baseline 0 -23"><span class='ocrx_word' id='word_1_114' title='bbox 89 2151 141 2206; x_wconf 84' lang='lat' dir='ltr'>sed</span> <span class='ocrx_word' id='word_1_115' title='bbox 155 2150 193 2206; x_wconf 90' lang='lat' dir='ltr'>de</span> <span class='ocrx_word' id='word_1_116' title='bbox 208 2151 288 2208; x_wconf 90' lang='lat' dir='ltr'>omni</span> <span class='ocrx_word' id='word_1_117' title='bbox 300 2151 448 2227; x_wconf 74' lang='lat' dir='ltr'>republica</span> <span class='ocrx_word' id='word_1_118' title='bbox 462 2151 590 2229; x_wconf 85' lang='lat' dir='ltr'>disputo)</span> <span class='ocrx_word' id='word_1_119' title='bbox 603 2150 698 2206; x_wconf 86' lang='lat' dir='ltr'>danda</span> <span class='ocrx_word' id='word_1_120' title='bbox 713 2150 768 2206; x_wconf 87' lang='lat' dir='ltr'>erit</span> <span class='ocrx_word' id='word_1_121' title='bbox 781 2170 876 2225; x_wconf 87' lang='lat' dir='ltr'>opera,</span> 
     </span>
     <span class='ocr_line' id='line_1_20' title="bbox 92 2245 878 2324; baseline -0.001 -22"><span class='ocrx_word' id='word_1_122' title='bbox 92 2256 123 2302; x_wconf 89' lang='lat' dir='ltr'>ut</span> <span class='ocrx_word' id='word_1_123' title='bbox 146 2265 249 2303; x_wconf 83' lang='lat' dir='ltr'>omnes</span> <span class='ocrx_word' id='word_1_124' title='bbox 279 2246 448 2323; x_wconf 83' lang='lat' dir='ltr'>intelligant,</span> <span class='ocrx_word' id='word_1_125' title='bbox 471 2245 510 2323; x_wconf 79' lang='lat' dir='ltr'>(si</span> <span class='ocrx_word' id='word_1_126' title='bbox 531 2245 601 2303; x_wconf 88' lang='lat' dir='ltr'>salvi</span> <span class='ocrx_word' id='word_1_127' title='bbox 623 2264 685 2303; x_wconf 86' lang='lat' dir='ltr'>esse</span> <span class='ocrx_word' id='word_1_128' title='bbox 705 2245 807 2324; x_wconf 85' lang='lat' dir='ltr'>velint)</span> <span class='ocrx_word' id='word_1_129' title='bbox 828 2264 878 2301; x_wconf 92' lang='lat' dir='ltr'>ne-</span> 
     </span>
     <span class='ocr_line' id='line_1_21' title="bbox 89 2341 925 2419; baseline 0.004 -19"><span class='ocrx_word' id='word_1_130' title='bbox 89 2341 220 2400; x_wconf 88' lang='lat' dir='ltr'>cessitati</span> <span class='ocrx_word' id='word_1_131' title='bbox 234 2362 297 2400; x_wconf 87' lang='lat' dir='ltr'>esse</span> <span class='ocrx_word' id='word_1_132' title='bbox 309 2344 476 2419; x_wconf 87' lang='lat' dir='ltr'>parendum.</span> <span class='ocrx_word' id='word_1_133' title='bbox 891 2343 925 2393; x_wconf 71' lang='lat' dir='ltr'>m</span> 
     </span>
    </p>

    <p class='ocr_par' dir='ltr' id='par_1_4' title="bbox 88 2439 925 2996">
     <span class='ocr_line' id='line_1_22' title="bbox 128 2439 881 2516; baseline -0.003 -19"><span class='ocrx_word' id='word_1_134' title='bbox 128 2440 230 2515; x_wconf 89' lang='lat' dir='ltr'>Atque</span> <span class='ocrx_word' id='word_1_135' title='bbox 249 2440 337 2497; x_wconf 88' lang='lat' dir='ltr'>etiam</span> <span class='ocrx_word' id='word_1_136' title='bbox 356 2459 465 2511; x_wconf 88' lang='lat' dir='ltr'>omnes,</span> <span class='ocrx_word' id='word_1_137' title='bbox 480 2440 528 2515; x_wconf 89' lang='lat' dir='ltr'>qui</span> <span class='ocrx_word' id='word_1_138' title='bbox 549 2439 754 2515; x_wconf 83' lang='lat' dir='ltr'>rempublicam</span> <span class='ocrx_word' id='word_1_139' title='bbox 775 2439 881 2516; x_wconf 82' lang='lat' dir='ltr'>guber·</span> 
     </span>
     <span class='ocr_line' id='line_1_23' title="bbox 88 2536 880 2618; baseline 0.001 -26"><span class='ocrx_word' id='word_1_140' title='bbox 88 2536 211 2607; x_wconf 91' lang='lat' dir='ltr'>nabunt,</span> <span class='ocrx_word' id='word_1_141' title='bbox 240 2536 392 2593; x_wconf 87' lang='lat' dir='ltr'>consulere</span> <span class='ocrx_word' id='word_1_142' title='bbox 418 2537 573 2606; x_wconf 90' lang='lat' dir='ltr'>debebunt,</span> <span class='ocrx_word' id='word_1_143' title='bbox 600 2546 631 2593; x_wconf 91' lang='lat' dir='ltr'>ut</span> <span class='ocrx_word' id='word_1_144' title='bbox 657 2554 755 2618; x_wconf 80' lang='lat' dir='ltr'>earum</span> <span class='ocrx_word' id='word_1_145' title='bbox 782 2554 880 2593; x_wconf 89' lang='lat' dir='ltr'>rerum</span> 
     </span>
     <span class='ocr_line' id='line_1_24' title="bbox 89 2631 880 2706; baseline 0.001 -18"><span class='ocrx_word' id='word_1_146' title='bbox 89 2631 175 2706; x_wconf 89' lang='lat' dir='ltr'>copia</span> <span class='ocrx_word' id='word_1_147' title='bbox 194 2631 242 2702; x_wconf 89' lang='lat' dir='ltr'>sit,</span> <span class='ocrx_word' id='word_1_148' title='bbox 256 2651 319 2706; x_wconf 87' lang='lat' dir='ltr'>quae</span> <span class='ocrx_word' id='word_1_149' title='bbox 340 2642 407 2688; x_wconf 87' lang='lat' dir='ltr'>sunt</span> <span class='ocrx_word' id='word_1_150' title='bbox 420 2632 598 2689; x_wconf 77' lang='lat' dir='ltr'>necessaria.</span> <span class='ocrx_word' id='word_1_151' title='bbox 638 2632 770 2693; x_wconf 79' lang='lat' dir='ltr'>Quarum</span> <span class='ocrx_word' id='word_1_152' title='bbox 785 2632 880 2706; x_wconf 77' lang='lat' dir='ltr'>qualis</span> 
     </span>
     <span class='ocr_line' id='line_1_25' title="bbox 89 2727 880 2801; baseline 0 -17"><span class='ocrx_word' id='word_1_153' title='bbox 89 2727 270 2801; x_wconf 87' lang='lat' dir='ltr'>comparatio</span> <span class='ocrx_word' id='word_1_154' title='bbox 284 2727 345 2784; x_wconf 88' lang='lat' dir='ltr'>fieri</span> <span class='ocrx_word' id='word_1_155' title='bbox 359 2727 448 2785; x_wconf 85' lang='lat' dir='ltr'>soleat</span> <span class='ocrx_word' id='word_1_156' title='bbox 462 2737 491 2784; x_wconf 91' lang='lat' dir='ltr'>et</span> <span class='ocrx_word' id='word_1_157' title='bbox 505 2728 616 2796; x_wconf 91' lang='lat' dir='ltr'>debeat,</span> <span class='ocrx_word' id='word_1_158' title='bbox 628 2746 687 2783; x_wconf 92' lang='lat' dir='ltr'>non</span> <span class='ocrx_word' id='word_1_159' title='bbox 701 2737 744 2784; x_wconf 88' lang='lat' dir='ltr'>est</span> <span class='ocrx_word' id='word_1_160' title='bbox 757 2746 880 2784; x_wconf 81' lang='lat' dir='ltr'>necesse</span> 
     </span>
     <span class='ocr_line' id='line_1_26' title="bbox 88 2822 925 2898; baseline 0.004 -18"><span class='ocrx_word' id='word_1_161' title='bbox 88 2823 254 2898; x_wconf 87' lang='lat' dir='ltr'>disputare:</span> <span class='ocrx_word' id='word_1_162' title='bbox 278 2834 321 2880; x_wconf 89' lang='lat' dir='ltr'>est</span> <span class='ocrx_word' id='word_1_163' title='bbox 341 2824 419 2880; x_wconf 89' lang='lat' dir='ltr'>euim</span> <span class='ocrx_word' id='word_1_164' title='bbox 439 2824 469 2880; x_wconf 93' lang='lat' dir='ltr'>in</span> <span class='ocrx_word' id='word_1_165' title='bbox 489 2831 639 2898; x_wconf 83' lang='lat' dir='ltr'>promptu:</span> <span class='ocrx_word' id='word_1_166' title='bbox 666 2833 776 2880; x_wconf 88' lang='lat' dir='ltr'>tantum</span> <span class='ocrx_word' id='word_1_167' title='bbox 796 2822 925 2883; x_wconf 77' lang='lat' dir='ltr'>locus-25</span> 
     </span>
     <span class='ocr_line' id='line_1_27' title="bbox 88 2919 351 2996; baseline 0 -19"><span class='ocrx_word' id='word_1_168' title='bbox 88 2920 278 2996; x_wconf 84' lang='lat' dir='ltr'>attingendus</span> <span class='ocrx_word' id='word_1_169' title='bbox 291 2919 351 2978; x_wconf 84' lang='lat' dir='ltr'>luit.</span> 
     </span>
    </p>

    <p class='ocr_par' dir='ltr' id='par_1_5' title="bbox 82 3016 879 3191">
     <span class='ocr_line' id='line_1_28' title="bbox 129 3016 879 3093; baseline 0 -20"><span class='ocrx_word' id='word_1_170' title='bbox 129 3016 227 3092; x_wconf 82' lang='lat' dir='ltr'>Caput</span> <span class='ocrx_word' id='word_1_171' title='bbox 241 3027 336 3074; x_wconf 89' lang='lat' dir='ltr'>autem</span> <span class='ocrx_word' id='word_1_172' title='bbox 351 3027 393 3074; x_wconf 88' lang='lat' dir='ltr'>est</span> <span class='ocrx_word' id='word_1_173' title='bbox 408 3016 437 3074; x_wconf 94' lang='lat' dir='ltr'>in</span> <span class='ocrx_word' id='word_1_174' title='bbox 451 3016 530 3074; x_wconf 89' lang='lat' dir='ltr'>omni</span> <span class='ocrx_word' id='word_1_175' title='bbox 546 3016 747 3092; x_wconf 78' lang='lat' dir='ltr'>procuratione</span> <span class='ocrx_word' id='word_1_176' title='bbox 767 3017 879 3093; x_wconf 83' lang='lat' dir='ltr'>negotii</span> 
     </span>
     <span class='ocr_line' id='line_1_29' title="bbox 82 3112 879 3191; baseline -0.005 -19"><span class='ocrx_word' id='word_1_177' title='bbox 82 3124 119 3173; x_wconf 76' lang='lat' dir='ltr'>et</span> <span class='ocrx_word' id='word_1_178' title='bbox 141 3112 272 3172; x_wconf 86' lang='lat' dir='ltr'>muneris</span> <span class='ocrx_word' id='word_1_179' title='bbox 294 3113 414 3191; x_wconf 86' lang='lat' dir='ltr'>publici,</span> <span class='ocrx_word' id='word_1_180' title='bbox 438 3124 469 3171; x_wconf 90' lang='lat' dir='ltr'>ut</span> <span class='ocrx_word' id='word_1_181' title='bbox 493 3114 617 3173; x_wconf 68' lang='lat' dir='ltr'>avaritiae</span> <span class='ocrx_word' id='word_1_182' title='bbox 642 3112 764 3189; x_wconf 87' lang='lat' dir='ltr'>pellatur</span> <span class='ocrx_word' id='word_1_183' title='bbox 790 3112 879 3170; x_wconf 82' lang='lat' dir='ltr'>etiam</span> 
     </span>
    </p>
   </div>
   <div class='ocr_carea' id='block_1_3' title="bbox 0 0 1088 3609">
    <p class='ocr_par' dir='ltr' id='par_1_6' title="bbox 0 0 1088 3609">
     <span class='ocr_line' id='line_1_30' title="bbox 0 0 1088 3609; baseline 0 2"><span class='ocrx_word' id='word_1_184' title='bbox 0 0 1088 3609; x_wconf 95' lang='lat' dir='ltr'> </span> 
     </span>
    </p>
   </div>
  </div>
 </body>
</html>
