<?xml version="1.0" encoding="UTF-8"?>
<!DOCTYPE html PUBLIC "-//W3C//DTD XHTML 1.0 Transitional//EN"
    "http://www.w3.org/TR/xhtml1/DTD/xhtml1-transitional.dtd">
<html xmlns="http://www.w3.org/1999/xhtml" xml:lang="en" lang="en">
 <head>
  <title>
</title>
<meta http-equiv="Content-Type" content="text/html;charset=utf-8" />
  <meta name='ocr-system' content='tesseract 3.04.00' />
  <meta name='ocr-capabilities' content='ocr_page ocr_carea ocr_par ocr_line ocrx_word'/>
</head>
<body>
  <div class='ocr_page' id='page_1' title='image "./mtciceronisdeof01dillgoog/mtciceronisdeof01dillgoog_0020.png"; bbox 0 0 2167 3609; ppageno 0'>
   <div class='ocr_carea' id='block_1_1' title="bbox 143 351 975 423">
    <p class='ocr_par' dir='ltr' id='par_1_1' title="bbox 143 351 975 423">
     <span class='ocr_line' id='line_1_1' title="bbox 143 351 975 423; baseline 0.006 -14"><span class='ocrx_word' id='word_1_1' title='bbox 143 351 181 411; x_wconf 79' lang='lat'>14</span> <span class='ocrx_word' id='word_1_2' title='bbox 473 364 517 410; x_wconf 81' lang='lat' dir='ltr'>nn</span> <span class='ocrx_word' id='word_1_3' title='bbox 536 362 681 411; x_wconf 76' lang='lat' dir='ltr'>osmcns.</span> <span class='ocrx_word' id='word_1_4' title='bbox 903 362 975 423; x_wconf 78' lang='lat' dir='ltr'>[nu</span> 
     </span>
    </p>
   </div>
   <div class='ocr_carea' id='block_1_2' title="bbox 136 510 978 2995">
    <p class='ocr_par' dir='ltr' id='par_1_2' title="bbox 185 510 978 878">
     <span class='ocr_line' id='line_1_2' title="bbox 225 510 976 588; baseline 0.004 -21"><span class='ocrx_word' id='word_1_5' title='bbox 225 510 260 567; x_wconf 96' lang='lat' dir='ltr'>In</span> <span class='ocrx_word' id='word_1_6' title='bbox 268 510 424 587; x_wconf 82' lang='lat' dir='ltr'><strong>primisque</strong></span> <span class='ocrx_word' id='word_1_7' title='bbox 434 512 560 570; x_wconf 89' lang='lat' dir='ltr'>hominis</span> <span class='ocrx_word' id='word_1_8' title='bbox 571 522 614 569; x_wconf 89' lang='lat' dir='ltr'>est</span> <span class='ocrx_word' id='word_1_9' title='bbox 622 511 738 588; x_wconf 82' lang='lat' dir='ltr'>propria</span> <span class='ocrx_word' id='word_1_10' title='bbox 747 513 807 568; x_wconf 90' lang='lat' dir='ltr'>veri</span> <span class='ocrx_word' id='word_1_11' title='bbox 816 511 976 586; x_wconf 85' lang='lat' dir='ltr'>inquisitio,</span> 
     </span>
     <span class='ocr_line' id='line_1_3' title="bbox 188 608 978 686; baseline 0.004 -22"><span class='ocrx_word' id='word_1_12' title='bbox 188 617 272 682; x_wconf 89' lang='lat' dir='ltr'>atque</span> <span class='ocrx_word' id='word_1_13' title='bbox 287 608 478 686; x_wconf 85' lang='lat' dir='ltr'>investigatio.</span> <span class='ocrx_word' id='word_1_14' title='bbox 519 610 631 685; x_wconf 90' lang='lat' dir='ltr'>Itaque,</span> <span class='ocrx_word' id='word_1_15' title='bbox 646 628 712 667; x_wconf 90' lang='lat' dir='ltr'>cum</span> <span class='ocrx_word' id='word_1_16' title='bbox 730 627 829 665; x_wconf 85' lang='lat' dir='ltr'>sumus</span> <span class='ocrx_word' id='word_1_17' title='bbox 843 627 978 667; x_wconf 89' lang='lat' dir='ltr'>necessa·</span> 
     </span>
     <span class='ocr_line' id='line_1_4' title="bbox 186 705 977 782; baseline 0.003 -21"><span class='ocrx_word' id='word_1_18' title='bbox 186 705 236 762; x_wconf 86' lang='lat' dir='ltr'>riis</span> <span class='ocrx_word' id='word_1_19' title='bbox 249 706 374 782; x_wconf 87' lang='lat' dir='ltr'>negotiis</span> <span class='ocrx_word' id='word_1_20' title='bbox 395 707 529 781; x_wconf 88' lang='lat' dir='ltr'>curisque</span> <span class='ocrx_word' id='word_1_21' title='bbox 550 707 644 778; x_wconf 89' lang='lat' dir='ltr'>vacui,</span> <span class='ocrx_word' id='word_1_22' title='bbox 659 717 720 762; x_wconf 90' lang='lat' dir='ltr'>tum</span> <span class='ocrx_word' id='word_1_23' title='bbox 736 724 851 762; x_wconf 90' lang='lat' dir='ltr'>avemus</span> <span class='ocrx_word' id='word_1_24' title='bbox 866 705 977 779; x_wconf 89' lang='lat' dir='ltr'>aliquid</span> 
     </span>
     <span class='ocr_line' id='line_1_5' title="bbox 185 801 976 878; baseline 0.003 -22"><span class='ocrx_word' id='word_1_25' title='bbox 185 801 292 874; x_wconf 83' lang='lat' dir='ltr'>videre,</span> <span class='ocrx_word' id='word_1_26' title='bbox 303 802 411 874; x_wconf 89' lang='lat' dir='ltr'>audire,</span> <span class='ocrx_word' id='word_1_27' title='bbox 423 803 572 860; x_wconf 81' lang='lat' dir='ltr'>addiscere</span> <span class='ocrx_word' id='word_1_28' title='bbox 584 823 590 859; x_wconf 93' lang='lat'><strong>:</strong></span> <span class='ocrx_word' id='word_1_29' title='bbox 612 802 866 878; x_wconf 79' lang='lat' dir='ltr'>cognitionemque</span> <span class='ocrx_word' id='word_1_30' title='bbox 877 819 976 858; x_wconf 85' lang='lat' dir='ltr'>rernm</span> 
     </span>
    </p>

    <p class='ocr_par' dir='ltr' id='par_1_3' title="bbox 154 897 977 1263">
     <span class='ocr_line' id='line_1_6' title="bbox 154 897 977 957; baseline 0.002 -3"><span class='ocrx_word' id='word_1_31' title='bbox 154 904 170 953; x_wconf 81' lang='lat'><strong>5</strong></span> <span class='ocrx_word' id='word_1_32' title='bbox 187 908 234 955; x_wconf 89' lang='lat' dir='ltr'>aut</span> <span class='ocrx_word' id='word_1_33' title='bbox 248 899 428 957; x_wconf 87' lang='lat' dir='ltr'>occultarum</span> <span class='ocrx_word' id='word_1_34' title='bbox 444 910 491 957; x_wconf 92' lang='lat' dir='ltr'>aut</span> <span class='ocrx_word' id='word_1_35' title='bbox 506 899 718 956; x_wconf 82' lang='lat' dir='ltr'>admirabilium</span> <span class='ocrx_word' id='word_1_36' title='bbox 733 898 768 954; x_wconf 91' lang='lat' dir='ltr'>ad</span> <span class='ocrx_word' id='word_1_37' title='bbox 782 898 866 954; x_wconf 90' lang='lat' dir='ltr'>beate</span> <span class='ocrx_word' id='word_1_38' title='bbox 879 897 977 956; x_wconf 87' lang='lat' dir='ltr'>viven-</span> 
     </span>
     <span class='ocr_line' id='line_1_7' title="bbox 186 994 974 1071; baseline -0.003 -19"><span class='ocrx_word' id='word_1_39' title='bbox 186 997 254 1053; x_wconf 91' lang='lat' dir='ltr'>dum</span> <span class='ocrx_word' id='word_1_40' title='bbox 274 997 468 1053; x_wconf 86' lang='lat' dir='ltr'>neeessariam</span> <span class='ocrx_word' id='word_1_41' title='bbox 489 995 640 1052; x_wconf 80' lang='lat' dir='ltr'>ducimus:</span> <span class='ocrx_word' id='word_1_42' title='bbox 662 1012 698 1051; x_wconf 85' lang='lat' dir='ltr'>ex</span> <span class='ocrx_word' id='word_1_43' title='bbox 717 1013 774 1069; x_wconf 93' lang='lat' dir='ltr'>quo</span> <span class='ocrx_word' id='word_1_44' title='bbox 794 994 974 1071; x_wconf 81' lang='lat' dir='ltr'>intelligitur,</span> 
     </span>
     <span class='ocr_line' id='line_1_8' title="bbox 185 1089 976 1168; baseline 0 -20"><span class='ocrx_word' id='word_1_45' title='bbox 185 1093 262 1167; x_wconf 90' lang='lat' dir='ltr'>quod</span> <span class='ocrx_word' id='word_1_46' title='bbox 284 1112 392 1164; x_wconf 89' lang='lat' dir='ltr'>verum,</span> <span class='ocrx_word' id='word_1_47' title='bbox 414 1092 545 1168; x_wconf 85' lang='lat' dir='ltr'>simplex,</span> <span class='ocrx_word' id='word_1_48' title='bbox 567 1092 769 1165; x_wconf 87' lang='lat' dir='ltr'>sincerumque</span> <span class='ocrx_word' id='word_1_49' title='bbox 793 1090 838 1162; x_wconf 90' lang='lat' dir='ltr'>sit,</span> <span class='ocrx_word' id='word_1_50' title='bbox 859 1089 890 1147; x_wconf 93' lang='lat' dir='ltr'>id</span> <span class='ocrx_word' id='word_1_51' title='bbox 910 1109 976 1148; x_wconf 85' lang='lat' dir='ltr'>esse</span> 
     </span>
     <span class='ocr_line' id='line_1_9' title="bbox 185 1189 635 1263; baseline -0.002 -18"><span class='ocrx_word' id='word_1_52' title='bbox 185 1200 294 1247; x_wconf 76' lang='lat' dir='ltr'>naturae</span> <span class='ocrx_word' id='word_1_53' title='bbox 309 1189 434 1246; x_wconf 89' lang='lat' dir='ltr'>hominis</span> <span class='ocrx_word' id='word_1_54' title='bbox 449 1189 635 1263; x_wconf 84' lang='lat' dir='ltr'>aptissimum.</span> 
     </span>
    </p>

    <p class='ocr_par' dir='ltr' id='par_1_4' title="bbox 225 1284 976 1360">
     <span class='ocr_line' id='line_1_10' title="bbox 225 1284 976 1360; baseline 0 -18"><span class='ocrx_word' id='word_1_55' title='bbox 225 1285 305 1343; x_wconf 91' lang='lat' dir='ltr'>Huic</span> <span class='ocrx_word' id='word_1_56' title='bbox 319 1285 379 1341; x_wconf 89' lang='lat' dir='ltr'>veri</span> <span class='ocrx_word' id='word_1_57' title='bbox 398 1285 515 1341; x_wconf 88' lang='lat' dir='ltr'>videndi</span> <span class='ocrx_word' id='word_1_58' title='bbox 536 1284 687 1359; x_wconf 85' lang='lat' dir='ltr'>cupiditati</span> <span class='ocrx_word' id='word_1_59' title='bbox 709 1285 844 1360; x_wconf 84' lang='lat' dir='ltr'>adjuncta</span> <span class='ocrx_word' id='word_1_60' title='bbox 863 1295 906 1342; x_wconf 88' lang='lat' dir='ltr'>est</span> <span class='ocrx_word' id='word_1_61' title='bbox 927 1304 976 1360; x_wconf 90' lang='lat' dir='ltr'>ap·</span> 
     </span>
    </p>

    <p class='ocr_par' dir='ltr' id='par_1_5' title="bbox 139 1381 976 1844">
     <span class='ocr_line' id='line_1_11' title="bbox 139 1381 975 1458; baseline -0.006 -15"><span class='ocrx_word' id='word_1_62' title='bbox 139 1395 169 1443; x_wconf 88' lang='lat'>10</span> <span class='ocrx_word' id='word_1_63' title='bbox 185 1382 287 1458; x_wconf 90' lang='lat' dir='ltr'>petitio</span> <span class='ocrx_word' id='word_1_64' title='bbox 315 1382 443 1456; x_wconf 81' lang='lat' dir='ltr'>quaedam</span> <span class='ocrx_word' id='word_1_65' title='bbox 471 1381 660 1457; x_wconf 78' lang='lat' dir='ltr'>principatfis,</span> <span class='ocrx_word' id='word_1_66' title='bbox 684 1391 715 1437; x_wconf 92' lang='lat' dir='ltr'>ut</span> <span class='ocrx_word' id='word_1_67' title='bbox 739 1381 849 1438; x_wconf 89' lang='lat' dir='ltr'>nemini</span> <span class='ocrx_word' id='word_1_68' title='bbox 872 1400 975 1456; x_wconf 84' lang='lat' dir='ltr'>parere</span> 
     </span>
     <span class='ocr_line' id='line_1_12' title="bbox 186 1478 976 1553; baseline 0 -18"><span class='ocrx_word' id='word_1_69' title='bbox 186 1478 298 1535; x_wconf 89' lang='lat' dir='ltr'>animus</span> <span class='ocrx_word' id='word_1_70' title='bbox 312 1479 386 1534; x_wconf 90' lang='lat' dir='ltr'>bene</span> <span class='ocrx_word' id='word_1_71' title='bbox 402 1497 418 1535; x_wconf 89' lang='lat' dir='ltr'>a</span> <span class='ocrx_word' id='word_1_72' title='bbox 431 1479 535 1535; x_wconf 74' lang='lat' dir='ltr'>naturai</span> <span class='ocrx_word' id='word_1_73' title='bbox 557 1478 728 1534; x_wconf 87' lang='lat' dir='ltr'>informatus</span> <span class='ocrx_word' id='word_1_74' title='bbox 742 1478 819 1548; x_wconf 87' lang='lat' dir='ltr'>velit,</span> <span class='ocrx_word' id='word_1_75' title='bbox 834 1478 890 1535; x_wconf 92' lang='lat' dir='ltr'>nisi</span> <span class='ocrx_word' id='word_1_76' title='bbox 903 1496 976 1553; x_wconf 83' lang='lat' dir='ltr'>prae·</span> 
     </span>
     <span class='ocr_line' id='line_1_13' title="bbox 185 1574 974 1651; baseline 0.001 -20"><span class='ocrx_word' id='word_1_77' title='bbox 185 1575 314 1651; x_wconf 90' lang='lat' dir='ltr'>cipienti,</span> <span class='ocrx_word' id='word_1_78' title='bbox 337 1585 385 1631; x_wconf 85' lang='lat' dir='ltr'>aut</span> <span class='ocrx_word' id='word_1_79' title='bbox 405 1575 533 1646; x_wconf 82' lang='lat' dir='ltr'>docenti,</span> <span class='ocrx_word' id='word_1_80' title='bbox 556 1585 614 1646; x_wconf 92' lang='lat' dir='ltr'>aut,</span> <span class='ocrx_word' id='word_1_81' title='bbox 633 1574 765 1631; x_wconf 84' lang='lat' dir='ltr'>utilitatis</span> <span class='ocrx_word' id='word_1_82' title='bbox 786 1576 884 1646; x_wconf 73' lang='lat' dir='ltr'>causa,</span> <span class='ocrx_word' id='word_1_83' title='bbox 896 1575 974 1650; x_wconf 87' lang='lat' dir='ltr'>juste</span> 
     </span>
     <span class='ocr_line' id='line_1_14' title="bbox 185 1671 974 1749; baseline 0 -20"><span class='ocrx_word' id='word_1_84' title='bbox 185 1682 213 1729; x_wconf 88' lang='lat' dir='ltr'>et</span> <span class='ocrx_word' id='word_1_85' title='bbox 234 1671 362 1748; x_wconf 84' lang='lat' dir='ltr'>legitime</span> <span class='ocrx_word' id='word_1_86' title='bbox 383 1672 553 1747; x_wconf 87' lang='lat' dir='ltr'>imperanti:</span> <span class='ocrx_word' id='word_1_87' title='bbox 575 1691 611 1729; x_wconf 83' lang='lat' dir='ltr'>ex</span> <span class='ocrx_word' id='word_1_88' title='bbox 628 1690 686 1746; x_wconf 93' lang='lat' dir='ltr'>qno</span> <span class='ocrx_word' id='word_1_89' title='bbox 701 1672 789 1728; x_wconf 90' lang='lat' dir='ltr'>animi</span> <span class='ocrx_word' id='word_1_90' title='bbox 803 1672 974 1749; x_wconf 84' lang='lat' dir='ltr'>magnitudo</span> 
     </span>
     <span class='ocr_line' id='line_1_15' title="bbox 184 1768 875 1844; baseline 0 -19"><span class='ocrx_word' id='word_1_91' title='bbox 184 1769 304 1840; x_wconf 87' lang='lat' dir='ltr'>exsistit,</span> <span class='ocrx_word' id='word_1_92' title='bbox 320 1770 567 1843; x_wconf 86' lang='lat' dir='ltr'>humanarumque</span> <span class='ocrx_word' id='word_1_93' title='bbox 580 1787 675 1826; x_wconf 87' lang='lat' dir='ltr'>rerum</span> <span class='ocrx_word' id='word_1_94' title='bbox 690 1768 875 1844; x_wconf 90' lang='lat' dir='ltr'>contemptio.</span> 
     </span>
    </p>

    <p class='ocr_par' dir='ltr' id='par_1_6' title="bbox 138 1864 974 2329">
     <span class='ocr_line' id='line_1_16' title="bbox 138 1864 972 1941; baseline 0.001 -19"><span class='ocrx_word' id='word_1_95' title='bbox 138 1864 169 1914; x_wconf 84' lang='lat'>15</span> <span class='ocrx_word' id='word_1_96' title='bbox 224 1865 290 1922; x_wconf 89' lang='lat' dir='ltr'>Nec</span> <span class='ocrx_word' id='word_1_97' title='bbox 304 1883 372 1922; x_wconf 84' lang='lat' dir='ltr'>vero</span> <span class='ocrx_word' id='word_1_98' title='bbox 387 1865 436 1922; x_wconf 89' lang='lat' dir='ltr'>illa</span> <span class='ocrx_word' id='word_1_99' title='bbox 449 1885 536 1941; x_wconf 85' lang='lat' dir='ltr'>parva</span> <span class='ocrx_word' id='word_1_100' title='bbox 550 1865 592 1921; x_wconf 86' lang='lat' dir='ltr'>vis</span> <span class='ocrx_word' id='word_1_101' title='bbox 606 1875 715 1923; x_wconf 83' lang='lat' dir='ltr'>naturae</span> <span class='ocrx_word' id='word_1_102' title='bbox 729 1876 773 1922; x_wconf 87' lang='lat' dir='ltr'>est</span> <span class='ocrx_word' id='word_1_103' title='bbox 786 1865 972 1940; x_wconf 84' lang='lat' dir='ltr'>rationisque,</span> 
     </span>
     <span class='ocr_line' id='line_1_17' title="bbox 184 1961 974 2037; baseline 0.001 -19"><span class='ocrx_word' id='word_1_104' title='bbox 184 1961 261 2035; x_wconf 91' lang='lat' dir='ltr'>quod</span> <span class='ocrx_word' id='word_1_105' title='bbox 272 1981 362 2018; x_wconf 89' lang='lat' dir='ltr'>unum</span> <span class='ocrx_word' id='word_1_106' title='bbox 373 1962 430 2018; x_wconf 92' lang='lat' dir='ltr'>hoc</span> <span class='ocrx_word' id='word_1_107' title='bbox 442 1961 547 2019; x_wconf 90' lang='lat' dir='ltr'>animal</span> <span class='ocrx_word' id='word_1_108' title='bbox 558 1961 654 2032; x_wconf 90' lang='lat' dir='ltr'>sentit,</span> <span class='ocrx_word' id='word_1_109' title='bbox 666 1963 734 2037; x_wconf 94' lang='lat' dir='ltr'>quid</span> <span class='ocrx_word' id='word_1_110' title='bbox 745 1962 781 2019; x_wconf 90' lang='lat' dir='ltr'>sit</span> <span class='ocrx_word' id='word_1_111' title='bbox 792 1962 880 2032; x_wconf 91' lang='lat' dir='ltr'>ordo;</span> <span class='ocrx_word' id='word_1_112' title='bbox 902 1963 974 2037; x_wconf 92' lang='lat' dir='ltr'>qnid</span> 
     </span>
     <span class='ocr_line' id='line_1_18' title="bbox 184 2057 970 2135; baseline 0.003 -21"><span class='ocrx_word' id='word_1_113' title='bbox 184 2057 231 2130; x_wconf 89' lang='lat' dir='ltr'>sit,</span> <span class='ocrx_word' id='word_1_114' title='bbox 246 2058 323 2132; x_wconf 91' lang='lat' dir='ltr'>quod</span> <span class='ocrx_word' id='word_1_115' title='bbox 338 2059 457 2128; x_wconf 89' lang='lat' dir='ltr'>deceat;</span> <span class='ocrx_word' id='word_1_116' title='bbox 480 2059 510 2115; x_wconf 91' lang='lat' dir='ltr'>in</span> <span class='ocrx_word' id='word_1_117' title='bbox 524 2058 608 2115; x_wconf 89' lang='lat' dir='ltr'>sactis</span> <span class='ocrx_word' id='word_1_118' title='bbox 629 2058 771 2133; x_wconf 88' lang='lat' dir='ltr'>dictisque</span> <span class='ocrx_word' id='word_1_119' title='bbox 791 2059 840 2135; x_wconf 92' lang='lat' dir='ltr'>qui</span> <span class='ocrx_word' id='word_1_120' title='bbox 859 2060 970 2117; x_wconf 86' lang='lat' dir='ltr'>modus.</span> 
     </span>
     <span class='ocr_line' id='line_1_19' title="bbox 183 2154 972 2232; baseline 0.004 -23"><span class='ocrx_word' id='word_1_121' title='bbox 183 2154 286 2229; x_wconf 89' lang='lat' dir='ltr'>Itaque</span> <span class='ocrx_word' id='word_1_122' title='bbox 300 2173 401 2211; x_wconf 88' lang='lat' dir='ltr'>eorum</span> <span class='ocrx_word' id='word_1_123' title='bbox 415 2155 554 2231; x_wconf 86' lang='lat' dir='ltr'>ipsorum,</span> <span class='ocrx_word' id='word_1_124' title='bbox 570 2174 633 2230; x_wconf 82' lang='lat' dir='ltr'>quae</span> <span class='ocrx_word' id='word_1_125' title='bbox 648 2156 785 2232; x_wconf 89' lang='lat' dir='ltr'>adspectu</span> <span class='ocrx_word' id='word_1_126' title='bbox 799 2156 972 2228; x_wconf 90' lang='lat' dir='ltr'>sentiuntur,</span> 
     </span>
     <span class='ocr_line' id='line_1_20' title="bbox 183 2252 973 2329; baseline 0.003 -22"><span class='ocrx_word' id='word_1_127' title='bbox 183 2252 294 2309; x_wconf 90' lang='lat' dir='ltr'>nullum</span> <span class='ocrx_word' id='word_1_128' title='bbox 324 2252 401 2309; x_wconf 90' lang='lat' dir='ltr'>aliud</span> <span class='ocrx_word' id='word_1_129' title='bbox 429 2253 534 2310; x_wconf 87' lang='lat' dir='ltr'>animal</span> <span class='ocrx_word' id='word_1_130' title='bbox 561 2253 817 2329; x_wconf 88' lang='lat' dir='ltr'>pulchritudinem,</span> <span class='ocrx_word' id='word_1_131' title='bbox 841 2263 973 2310; x_wconf 76' lang='lat' dir='ltr'>venusta·</span> 
     </span>
    </p>

    <p class='ocr_par' dir='ltr' id='par_1_7' title="bbox 137 2333 973 2803">
     <span class='ocr_line' id='line_1_21' title="bbox 137 2333 972 2425; baseline -0.004 -17"><span class='ocrx_word' id='word_1_132' title='bbox 137 2357 169 2408; x_wconf 75' lang='lat'>20</span> <span class='ocrx_word' id='word_1_133' title='bbox 184 2358 253 2419; x_wconf 85' lang='lat' dir='ltr'>tem,</span> <span class='ocrx_word' id='word_1_134' title='bbox 268 2349 499 2406; x_wconf 87' lang='lat' dir='ltr'>convenientiam</span> <span class='ocrx_word' id='word_1_135' title='bbox 513 2333 637 2424; x_wconf 83' lang='lat' dir='ltr'>partium</span> <span class='ocrx_word' id='word_1_136' title='bbox 649 2349 752 2406; x_wconf 86' lang='lat' dir='ltr'>sentit:</span> <span class='ocrx_word' id='word_1_137' title='bbox 774 2368 858 2425; x_wconf 89' lang='lat' dir='ltr'>quam</span> <span class='ocrx_word' id='word_1_138' title='bbox 873 2348 972 2406; x_wconf 87' lang='lat' dir='ltr'>simili·</span> 
     </span>
     <span class='ocr_line' id='line_1_22' title="bbox 184 2443 972 2516; baseline 0.004 -17"><span class='ocrx_word' id='word_1_139' title='bbox 184 2443 314 2499; x_wconf 90' lang='lat' dir='ltr'>tudinem</span> <span class='ocrx_word' id='word_1_140' title='bbox 341 2454 444 2500; x_wconf 87' lang='lat' dir='ltr'>natura</span> <span class='ocrx_word' id='word_1_141' title='bbox 463 2444 594 2516; x_wconf 90' lang='lat' dir='ltr'>ratioque</span> <span class='ocrx_word' id='word_1_142' title='bbox 617 2444 652 2500; x_wconf 89' lang='lat' dir='ltr'>ab</span> <span class='ocrx_word' id='word_1_143' title='bbox 673 2445 766 2500; x_wconf 90' lang='lat' dir='ltr'>oculis</span> <span class='ocrx_word' id='word_1_144' title='bbox 787 2445 823 2501; x_wconf 85' lang='lat' dir='ltr'>ad</span> <span class='ocrx_word' id='word_1_145' title='bbox 845 2445 972 2502; x_wconf 89' lang='lat' dir='ltr'>animum</span> 
     </span>
     <span class='ocr_line' id='line_1_23' title="bbox 184 2536 971 2614; baseline 0.006 -20"><span class='ocrx_word' id='word_1_146' title='bbox 184 2536 368 2607; x_wconf 81' lang='lat' dir='ltr'>transferens,</span> <span class='ocrx_word' id='word_1_147' title='bbox 385 2538 475 2593; x_wconf 91' lang='lat' dir='ltr'>multo</span> <span class='ocrx_word' id='word_1_148' title='bbox 496 2538 583 2593; x_wconf 88' lang='lat' dir='ltr'>etiam</span> <span class='ocrx_word' id='word_1_149' title='bbox 604 2538 696 2614; x_wconf 84' lang='lat' dir='ltr'>magis</span> <span class='ocrx_word' id='word_1_150' title='bbox 716 2540 971 2614; x_wconf 85' lang='lat' dir='ltr'>pulchritudinem,</span> 
     </span>
     <span class='ocr_line' id='line_1_24' title="bbox 185 2630 973 2709; baseline 0.005 -20"><span class='ocrx_word' id='word_1_151' title='bbox 185 2630 387 2702; x_wconf 86' lang='lat' dir='ltr'>constantiam,</span> <span class='ocrx_word' id='word_1_152' title='bbox 402 2631 533 2687; x_wconf 91' lang='lat' dir='ltr'>ordinem</span> <span class='ocrx_word' id='word_1_153' title='bbox 548 2631 578 2688; x_wconf 92' lang='lat' dir='ltr'>in</span> <span class='ocrx_word' id='word_1_154' title='bbox 592 2633 722 2690; x_wconf 89' lang='lat' dir='ltr'>consiliis</span> <span class='ocrx_word' id='word_1_155' title='bbox 743 2634 884 2709; x_wconf 85' lang='lat' dir='ltr'>sectisque</span> <span class='ocrx_word' id='word_1_156' title='bbox 903 2655 973 2694; x_wconf 90' lang='lat' dir='ltr'>con·</span> 
     </span>
     <span class='ocr_line' id='line_1_25' title="bbox 184 2727 972 2803; baseline 0.008 -19"><span class='ocrx_word' id='word_1_157' title='bbox 184 2727 355 2784; x_wconf 85' lang='lat' dir='ltr'>servandum</span> <span class='ocrx_word' id='word_1_158' title='bbox 378 2736 475 2802; x_wconf 92' lang='lat' dir='ltr'>putat:</span> <span class='ocrx_word' id='word_1_159' title='bbox 505 2738 655 2803; x_wconf 87' lang='lat' dir='ltr'>cavetque,</span> <span class='ocrx_word' id='word_1_160' title='bbox 677 2748 715 2786; x_wconf 89' lang='lat' dir='ltr'>ne</span> <span class='ocrx_word' id='word_1_161' title='bbox 737 2729 806 2803; x_wconf 90' lang='lat' dir='ltr'>quid</span> <span class='ocrx_word' id='word_1_162' title='bbox 833 2730 972 2790; x_wconf 86' lang='lat' dir='ltr'>indecore</span> 
     </span>
    </p>

    <p class='ocr_par' dir='ltr' id='par_1_8' title="bbox 136 2822 973 2995">
     <span class='ocr_line' id='line_1_26' title="bbox 136 2822 973 2900; baseline 0.002 -18"><span class='ocrx_word' id='word_1_163' title='bbox 136 2831 169 2882; x_wconf 81' lang='lat'>25</span> <span class='ocrx_word' id='word_1_164' title='bbox 184 2822 381 2881; x_wconf 83' lang='lat' dir='ltr'>effeminateve</span> <span class='ocrx_word' id='word_1_165' title='bbox 396 2824 501 2882; x_wconf 89' lang='lat' dir='ltr'>faciat:</span> <span class='ocrx_word' id='word_1_166' title='bbox 522 2835 594 2895; x_wconf 90' lang='lat' dir='ltr'>tum,</span> <span class='ocrx_word' id='word_1_167' title='bbox 610 2825 640 2882; x_wconf 93' lang='lat' dir='ltr'>in</span> <span class='ocrx_word' id='word_1_168' title='bbox 658 2825 792 2882; x_wconf 90' lang='lat' dir='ltr'>omnibus</span> <span class='ocrx_word' id='word_1_169' title='bbox 812 2835 841 2882; x_wconf 90' lang='lat' dir='ltr'>et</span> <span class='ocrx_word' id='word_1_170' title='bbox 862 2825 973 2900; x_wconf 89' lang='lat' dir='ltr'>opinio·</span> 
     </span>
     <span class='ocr_line' id='line_1_27' title="bbox 183 2920 971 2995; baseline 0.008 -20"><span class='ocrx_word' id='word_1_171' title='bbox 183 2921 269 2976; x_wconf 86' lang='lat' dir='ltr'>nibus</span> <span class='ocrx_word' id='word_1_172' title='bbox 283 2929 312 2976; x_wconf 91' lang='lat' dir='ltr'>et</span> <span class='ocrx_word' id='word_1_173' title='bbox 326 2920 420 2992; x_wconf 86' lang='lat' dir='ltr'>factis,</span> <span class='ocrx_word' id='word_1_174' title='bbox 435 2939 472 2977; x_wconf 92' lang='lat' dir='ltr'>ne</span> <span class='ocrx_word' id='word_1_175' title='bbox 493 2920 562 2995; x_wconf 92' lang='lat' dir='ltr'>quid</span> <span class='ocrx_word' id='word_1_176' title='bbox 583 2920 738 2979; x_wconf 89' lang='lat' dir='ltr'>libidinose</span> <span class='ocrx_word' id='word_1_177' title='bbox 757 2933 805 2980; x_wconf 89' lang='lat' dir='ltr'>aut</span> <span class='ocrx_word' id='word_1_178' title='bbox 819 2921 907 2979; x_wconf 87' lang='lat' dir='ltr'>faciat</span> <span class='ocrx_word' id='word_1_179' title='bbox 922 2933 971 2981; x_wconf 90' lang='lat' dir='ltr'>ant</span> 
     </span>
    </p>
   </div>
   <div class='ocr_carea' id='block_1_3' title="bbox 144 3014 969 3190">
    <p class='ocr_par' dir='ltr' id='par_1_9' title="bbox 144 3014 969 3190">
     <span class='ocr_line' id='line_1_28' title="bbox 184 3014 969 3091; baseline 0.004 -18"><span class='ocrx_word' id='word_1_180' title='bbox 184 3015 300 3091; x_wconf 84' lang='lat' dir='ltr'>cogitet.</span> <span class='ocrx_word' id='word_1_181' title='bbox 341 3014 460 3076; x_wconf 82' lang='lat' dir='ltr'>Quibus</span> <span class='ocrx_word' id='word_1_182' title='bbox 479 3034 515 3072; x_wconf 84' lang='lat' dir='ltr'>ex</span> <span class='ocrx_word' id='word_1_183' title='bbox 535 3017 622 3074; x_wconf 87' lang='lat' dir='ltr'>rebus</span> <span class='ocrx_word' id='word_1_184' title='bbox 642 3017 784 3076; x_wconf 83' lang='lat' dir='ltr'>conflatur</span> <span class='ocrx_word' id='word_1_185' title='bbox 799 3028 829 3075; x_wconf 93' lang='lat' dir='ltr'>et</span> <span class='ocrx_word' id='word_1_186' title='bbox 847 3018 969 3076; x_wconf 87' lang='lat' dir='ltr'>efficitur</span> 
     </span>
     <span class='ocr_line' id='line_1_29' title="bbox 144 3110 968 3190; baseline 0.002 -21"><span class='ocrx_word' id='word_1_187' title='bbox 144 3127 153 3146; x_wconf 69' lang='lat'><strong>*</strong></span> <span class='ocrx_word' id='word_1_188' title='bbox 183 3110 224 3185; x_wconf 91' lang='lat' dir='ltr'>id,</span> <span class='ocrx_word' id='word_1_189' title='bbox 238 3111 316 3187; x_wconf 92' lang='lat' dir='ltr'>quod</span> <span class='ocrx_word' id='word_1_190' title='bbox 343 3112 507 3187; x_wconf 76' lang='lat' dir='ltr'>querimus,</span> <span class='ocrx_word' id='word_1_191' title='bbox 529 3112 682 3171; x_wconf 84' lang='lat' dir='ltr'>honestum</span> <span class='ocrx_word' id='word_1_192' title='bbox 693 3135 701 3185; x_wconf 91' lang='lat'>;</span> <span class='ocrx_word' id='word_1_193' title='bbox 731 3114 817 3190; x_wconf 90' lang='lat' dir='ltr'>quod,</span> <span class='ocrx_word' id='word_1_194' title='bbox 837 3113 968 3174; x_wconf 81' lang='lat' dir='ltr'>etiamsi</span> 
     </span>
    </p>
   </div>
   <div class='ocr_carea' id='block_1_4' title="bbox 0 0 1088 3609">
    <p class='ocr_par' dir='ltr' id='par_1_10' title="bbox 0 0 1088 3609">
     <span class='ocr_line' id='line_1_30' title="bbox 0 0 1088 3609; baseline 0 1"><span class='ocrx_word' id='word_1_195' title='bbox 0 0 1088 3609; x_wconf 95' lang='lat' dir='ltr'> </span> 
     </span>
    </p>
   </div>
  </div>
 </body>
</html>
