2167 3609
163 373 219 431 168
492 365 534 424 us
556 373 701 423 omens.
896 371 989 432 [um

206 527 282 586 enim
303 525 332 584 id
352 536 395 584 est
415 525 518 596 celare,
533 524 671 600 quidquid
684 521 822 580 reticeas:
844 522 896 580 scd
910 541 987 596 cum,

206 623 280 697 quod
294 631 325 679 tu
339 622 423 693 scies,
439 622 468 678 id
482 621 613 698 ignorare
633 617 816 676 emolumenti
837 618 879 676 tui
900 620 989 679 causi.

205 720 276 776 velis
290 737 348 790 eos,
364 737 484 793 quorum
505 717 616 775 intersit
636 716 665 773 id
686 715 768 773 scire.
810 714 878 773 Hoc
892 726 988 775 autem

206 816 320 873 celandi
339 834 430 893 genus
450 815 533 890 quale
554 814 599 884 sit,
619 824 648 870 et
668 813 750 889 cujus
770 811 903 885 hominis,
925 813 991 888 quis

175 925 263 974 buon
285 912 383 968 videt?
435 911 521 967 Certe
548 929 607 966 non
634 909 732 985 aperti,
753 927 812 966 uon
838 909 991 984 simplicis,

205 1027 263 1065 uon
291 1006 419 1084 ingenui,
439 1024 496 1063 non
519 1005 598 1081 justi,
618 1023 677 1062 uon
697 1004 750 1061 viri
771 1004 856 1074 boui;
881 1005 990 1066 versuti

205 1104 311 1180 potius,
326 1102 450 1173 obscuri,
467 1102 562 1172 astuti,
581 1101 700 1173 fallacis,
719 1101 864 1173 malitiosi,
879 1101 991 1174 callidi,

206 1200 381 1271 veteratoris,
396 1198 473 1257 vafri.
515 1197 588 1255 Haec
607 1207 650 1254 tot
670 1207 699 1254 et
713 1197 768 1254 alie
787 1197 878 1272 plura,
892 1217 994 1258 noune

197 1295 308 1353 >inutile
322 1307 374 1365 est,
388 1295 519 1351 vitiorum
534 1293 630 1350 subire
644 1293 780 1350 nominat

162 1500 193 1550 ro
246 1487 327 1545 XIV.
347 1487 438 1549 Quod
459 1487 482 1545 si
503 1486 682 1563 vituperandi
702 1496 778 1559 sunt,
800 1487 848 1562 qui
867 1487 998 1546 reticue-

207 1596 283 1656 runt,
298 1585 366 1660 quid
381 1585 417 1641 de
431 1584 468 1640 iis
487 1583 707 1640 existimandum
721 1595 773 1655 est,
788 1583 836 1660 qui
851 1585 997 1643 orationis

206 1683 360 1738 vanitatem
383 1680 592 1737 adhibuerunt?
633 1681 667 1737 Ο.
683 1680 801 1752 Canius,
823 1700 910 1756 eques
930 1681 999 1740 Ro-

208 1796 319 1845 manus,
334 1795 389 1833 nec
410 1776 561 1847 infacetus,
576 1786 604 1833 et
624 1777 692 1834 satis
712 1777 850 1850 literatus,
872 1798 939 1836 cum
962 1797 999 1836 se

209 1875 374 1948 Syracusae,
394 1872 503 1929 otiandi
525 1871 570 1948 (ut
590 1873 650 1949 ipse
671 1873 767 1930 dicere
787 1874 910 1954 solebat)
931 1895 998 1933 nou

162 1992 192 2040 15
208 1969 374 2045 negotiandi
395 1971 492 2041 causi,
513 1971 690 2042 contulisset,
706 1972 864 2044 dictitabat,
879 1992 910 2029 se
929 1973 1001 2032 hor·

208 2066 283 2122 tulos
305 2065 415 2139 aliquos
435 2067 507 2123 velle
527 2086 632 2138 emere,
654 2087 710 2142 quo
731 2068 850 2125 invitare
872 2069 997 2141 amicos,

208 2173 237 2219 et
251 2162 299 2219 ubi
315 2180 345 2218 se
362 2163 507 2220 oblectare
525 2163 586 2219 siue
605 2163 872 2239 interpellatoribus,
887 2177 995 2240 posset

208 2258 297 2320 Quod
326 2279 392 2317 cum
419 2260 637 2336 percrebuisset,
665 2260 784 2336 Pythius
811 2261 838 2317 ei
865 2262 997 2335 quidum,

209 2356 257 2431 qui
273 2358 462 2434 argentariam
484 2357 590 2423 faceret
607 2357 767 2432 Syracusis,
782 2357 863 2428 dixit,
877 2358 1000 2415 venales

162 2477 194 2526 20
210 2452 326 2526 quidem
353 2472 384 2511 se
411 2453 509 2511 hortos
534 2473 593 2510 nou
620 2453 734 2526 habere,
759 2454 809 2511 sed
836 2453 925 2511 licere
954 2454 1001 2512 uti

211 2548 315 2621 Canio,
336 2550 360 2606 ei
385 2551 477 2620 vellet,
499 2561 530 2606 ut
554 2550 629 2607 suis:
660 2560 689 2606 et
712 2549 796 2606 simul
822 2550 856 2608 ad
881 2569 1002 2609 coenam

211 2645 357 2702 homiuem
378 2646 407 2702 in
428 2646 525 2703 hortos
546 2646 674 2702 invitavit
694 2646 723 2702 in
741 2657 885 2721 posterum
907 2647 1001 2705 diem.

212 2740 287 2797 Cum
313 2742 360 2798 ille
382 2742 567 2816 promisisset,
592 2753 652 2800 tum
675 2740 795 2818 Pythius
822 2742 885 2819 (qui
909 2753 1003 2814 esset,

212 2844 244 2891 ut
265 2839 451 2912 argentarius,
473 2839 548 2914 apud
571 2858 670 2896 omnes
697 2839 811 2896 ordines
837 2840 1003 2918 gratiosus)

163 2951 196 3000 25
211 2930 369 3003 piscatores
383 2934 418 2990 ed
432 2953 462 2990 se
476 2935 655 3006 convocavit,
669 2945 698 2992 et
719 2936 755 2992 ab
776 2934 821 2991 his
840 2935 955 3012 petivit,
971 2945 1006 2992 ut

214 3036 279 3081 ente
299 3044 364 3084 suos
384 3029 509 3087 hortulos
529 3031 666 3105 postridie
690 3031 887 3106 piscarentur:
916 3031 1012 3089 dixit-

213 3139 279 3197 que,
293 3122 360 3197 quid
375 3142 425 3181 eos
439 3125 533 3184 secere
548 3126 640 3183 vellet.
681 3127 729 3186 Ad
743 3146 856 3186 coeuam
870 3136 1014 3204 tempore
