<?xml version="1.0" encoding="UTF-8"?>
<!DOCTYPE html PUBLIC "-//W3C//DTD XHTML 1.0 Transitional//EN"
    "http://www.w3.org/TR/xhtml1/DTD/xhtml1-transitional.dtd">
<html xmlns="http://www.w3.org/1999/xhtml" xml:lang="en" lang="en">
 <head>
  <title>
</title>
<meta http-equiv="Content-Type" content="text/html;charset=utf-8" />
  <meta name='ocr-system' content='tesseract 3.04.00' />
  <meta name='ocr-capabilities' content='ocr_page ocr_carea ocr_par ocr_line ocrx_word'/>
</head>
<body>
  <div class='ocr_page' id='page_1' title='image "./mtciceronisdeof01dillgoog/mtciceronisdeof01dillgoog_0115.png"; bbox 0 0 2167 3609; ppageno 0'>
   <div class='ocr_carea' id='block_1_1' title="bbox 109 351 953 423">
    <p class='ocr_par' dir='ltr' id='par_1_1' title="bbox 109 351 953 423">
     <span class='ocr_line' id='line_1_1' title="bbox 109 351 953 423; baseline 0.006 -14"><span class='ocrx_word' id='word_1_1' title='bbox 109 362 194 423; x_wconf 78' lang='lat' dir='ltr'>nn]</span> <span class='ocrx_word' id='word_1_2' title='bbox 397 364 440 412; x_wconf 82' lang='lat' dir='ltr'>on</span> <span class='ocrx_word' id='word_1_3' title='bbox 462 364 609 414; x_wconf 76' lang='lat' dir='ltr'>ormone.</span> <span class='ocrx_word' id='word_1_4' title='bbox 896 351 953 414; x_wconf 74' lang='lat' dir='ltr'>m</span> 
     </span>
    </p>
   </div>
   <div class='ocr_carea' id='block_1_2' title="bbox 109 511 908 785">
    <p class='ocr_par' dir='ltr' id='par_1_2' title="bbox 109 511 908 785">
     <span class='ocr_line' id='line_1_2' title="bbox 109 511 908 592; baseline 0.003 -22"><span class='ocrx_word' id='word_1_5' title='bbox 109 530 193 585; x_wconf 89' lang='lat' dir='ltr'>num,</span> <span class='ocrx_word' id='word_1_6' title='bbox 213 511 326 569; x_wconf 82' lang='lat' dir='ltr'>honore</span> <span class='ocrx_word' id='word_1_7' title='bbox 347 511 382 570; x_wconf 89' lang='lat' dir='ltr'>ab</span> <span class='ocrx_word' id='word_1_8' title='bbox 403 513 439 570; x_wconf 88' lang='lat' dir='ltr'>iis</span> <span class='ocrx_word' id='word_1_9' title='bbox 459 515 540 592; x_wconf 78' lang='lat' dir='ltr'>digni</span> <span class='ocrx_word' id='word_1_10' title='bbox 558 514 763 592; x_wconf 75' lang='lat' dir='ltr'>judicaremur.</span> <span class='ocrx_word' id='word_1_11' title='bbox 805 513 908 574; x_wconf 85' lang='lat' dir='ltr'>Admi-</span> 
     </span>
     <span class='ocr_line' id='line_1_3' title="bbox 109 610 906 688; baseline 0.005 -22"><span class='ocrx_word' id='word_1_12' title='bbox 109 619 211 667; x_wconf 81' lang='lat' dir='ltr'>rantur</span> <span class='ocrx_word' id='word_1_13' title='bbox 241 610 329 686; x_wconf 81' lang='lat' dir='ltr'>igitur</span> <span class='ocrx_word' id='word_1_14' title='bbox 363 612 555 669; x_wconf 79' lang='lat' dir='ltr'>communiter</span> <span class='ocrx_word' id='word_1_15' title='bbox 584 612 627 670; x_wconf 91' lang='lat' dir='ltr'>illi</span> <span class='ocrx_word' id='word_1_16' title='bbox 655 612 773 688; x_wconf 86' lang='lat' dir='ltr'>quidem</span> <span class='ocrx_word' id='word_1_17' title='bbox 798 611 906 685; x_wconf 81' lang='lat' dir='ltr'>omnia,</span> 
     </span>
     <span class='ocr_line' id='line_1_4' title="bbox 109 709 907 785; baseline 0.005 -22"><span class='ocrx_word' id='word_1_18' title='bbox 109 725 176 781; x_wconf 81' lang='lat' dir='ltr'>quae</span> <span class='ocrx_word' id='word_1_19' title='bbox 196 725 314 784; x_wconf 83' lang='lat' dir='ltr'>magna,</span> <span class='ocrx_word' id='word_1_20' title='bbox 327 717 357 764; x_wconf 88' lang='lat' dir='ltr'>et</span> <span class='ocrx_word' id='word_1_21' title='bbox 369 719 471 784; x_wconf 83' lang='lat' dir='ltr'>praeter</span> <span class='ocrx_word' id='word_1_22' title='bbox 491 709 658 785; x_wconf 85' lang='lat' dir='ltr'>opinionem</span> <span class='ocrx_word' id='word_1_23' title='bbox 672 729 764 781; x_wconf 81' lang='lat' dir='ltr'>suam,</span> <span class='ocrx_word' id='word_1_24' title='bbox 780 709 907 768; x_wconf 80' lang='lat' dir='ltr'>animad-</span> 
     </span>
    </p>
   </div>
   <div class='ocr_carea' id='block_1_3' title="bbox 9 794 907 885">
    <p class='ocr_par' dir='ltr' id='par_1_3' title="bbox 9 794 907 885">
     <span class='ocr_line' id='line_1_5' title="bbox 9 794 907 885; baseline 0.006 -25"><span class='ocrx_word' id='word_1_25' title='bbox 9 794 11 808; x_wconf 46' lang='lat'>¹</span> <span class='ocrx_word' id='word_1_26' title='bbox 109 814 276 875; x_wconf 81' lang='lat' dir='ltr'>verterunt3</span> <span class='ocrx_word' id='word_1_27' title='bbox 305 806 458 881; x_wconf 83' lang='lat' dir='ltr'>separatim</span> <span class='ocrx_word' id='word_1_28' title='bbox 481 818 575 864; x_wconf 86' lang='lat' dir='ltr'>autem</span> <span class='ocrx_word' id='word_1_29' title='bbox 597 807 627 864; x_wconf 92' lang='lat' dir='ltr'>in</span> <span class='ocrx_word' id='word_1_30' title='bbox 647 795 779 885; x_wconf 77' lang='lat' dir='ltr'>eingrilin,</span> <span class='ocrx_word' id='word_1_31' title='bbox 799 806 825 864; x_wconf 84' lang='lat' dir='ltr'>oi</span> <span class='ocrx_word' id='word_1_32' title='bbox 843 825 907 883; x_wconf 72' lang='lat' dir='ltr'>pes·</span> 
     </span>
    </p>
   </div>
   <div class='ocr_carea' id='block_1_4' title="bbox 108 902 950 2052">
    <p class='ocr_par' dir='ltr' id='par_1_4' title="bbox 108 902 950 2052">
     <span class='ocr_line' id='line_1_6' title="bbox 109 902 935 979; baseline 0.005 -21"><span class='ocrx_word' id='word_1_33' title='bbox 109 902 241 978; x_wconf 77' lang='lat' dir='ltr'>spiciunt</span> <span class='ocrx_word' id='word_1_34' title='bbox 262 921 317 959; x_wconf 84' lang='lat' dir='ltr'>neo</span> <span class='ocrx_word' id='word_1_35' title='bbox 338 903 455 978; x_wconf 78' lang='lat' dir='ltr'>opinata</span> <span class='ocrx_word' id='word_1_36' title='bbox 470 905 601 979; x_wconf 83' lang='lat' dir='ltr'>quaedam</span> <span class='ocrx_word' id='word_1_37' title='bbox 615 904 698 962; x_wconf 84' lang='lat' dir='ltr'>bona.</span> <span class='ocrx_word' id='word_1_38' title='bbox 740 903 842 979; x_wconf 89' lang='lat' dir='ltr'>Itaque</span> <span class='ocrx_word' id='word_1_39' title='bbox 856 913 935 964; x_wconf 82' lang='lat' dir='ltr'>eoo5</span> 
     </span>
     <span class='ocr_line' id='line_1_7' title="bbox 108 998 905 1075; baseline 0.005 -20"><span class='ocrx_word' id='word_1_40' title='bbox 108 999 189 1056; x_wconf 80' lang='lat' dir='ltr'>viros</span> <span class='ocrx_word' id='word_1_41' title='bbox 210 998 381 1074; x_wconf 75' lang='lat' dir='ltr'>suspiciunt,</span> <span class='ocrx_word' id='word_1_42' title='bbox 403 999 592 1075; x_wconf 80' lang='lat' dir='ltr'>maximisque</span> <span class='ocrx_word' id='word_1_43' title='bbox 619 1001 742 1058; x_wconf 82' lang='lat' dir='ltr'>efferunt</span> <span class='ocrx_word' id='word_1_44' title='bbox 761 1000 905 1074; x_wconf 75' lang='lat' dir='ltr'>laudibus,</span> 
     </span>
     <span class='ocr_line' id='line_1_8' title="bbox 109 1094 906 1173; baseline 0.003 -20"><span class='ocrx_word' id='word_1_45' title='bbox 109 1094 141 1153; x_wconf 89' lang='lat' dir='ltr'>in</span> <span class='ocrx_word' id='word_1_46' title='bbox 161 1095 268 1171; x_wconf 86' lang='lat' dir='ltr'>quibus</span> <span class='ocrx_word' id='word_1_47' title='bbox 288 1096 452 1153; x_wconf 78' lang='lat' dir='ltr'>existimant</span> <span class='ocrx_word' id='word_1_48' title='bbox 472 1116 504 1153; x_wconf 82' lang='lat' dir='ltr'>ne</span> <span class='ocrx_word' id='word_1_49' title='bbox 524 1097 699 1157; x_wconf 81' lang='lat' dir='ltr'>excellentes</span> <span class='ocrx_word' id='word_1_50' title='bbox 720 1098 857 1173; x_wconf 84' lang='lat' dir='ltr'>quandam</span> <span class='ocrx_word' id='word_1_51' title='bbox 875 1107 906 1155; x_wconf 87' lang='lat' dir='ltr'>et</span> 
     </span>
     <span class='ocr_line' id='line_1_9' title="bbox 109 1193 906 1271; baseline 0.004 -21"><span class='ocrx_word' id='word_1_52' title='bbox 109 1193 274 1270; x_wconf 76' lang='lat' dir='ltr'>singulares</span> <span class='ocrx_word' id='word_1_53' title='bbox 289 1194 408 1251; x_wconf 87' lang='lat' dir='ltr'>virtutes</span> <span class='ocrx_word' id='word_1_54' title='bbox 427 1194 608 1269; x_wconf 79' lang='lat' dir='ltr'>perspicere3</span> <span class='ocrx_word' id='word_1_55' title='bbox 631 1195 795 1271; x_wconf 78' lang='lat' dir='ltr'>despiciunt</span> <span class='ocrx_word' id='word_1_56' title='bbox 809 1204 906 1253; x_wconf 74' lang='lat' dir='ltr'>autom</span> 
     </span>
     <span class='ocr_line' id='line_1_10' title="bbox 108 1291 907 1367; baseline 0 -18"><span class='ocrx_word' id='word_1_57' title='bbox 108 1310 171 1361; x_wconf 85' lang='lat' dir='ltr'>eos,</span> <span class='ocrx_word' id='word_1_58' title='bbox 186 1303 216 1349; x_wconf 91' lang='lat' dir='ltr'>et</span> <span class='ocrx_word' id='word_1_59' title='bbox 230 1301 430 1362; x_wconf 83' lang='lat' dir='ltr'>contemnunt,</span> <span class='ocrx_word' id='word_1_60' title='bbox 445 1291 593 1367; x_wconf 84' lang='lat' dir='ltr'>inquibus</span> <span class='ocrx_word' id='word_1_61' title='bbox 609 1292 680 1350; x_wconf 91' lang='lat' dir='ltr'>nihil</span> <span class='ocrx_word' id='word_1_62' title='bbox 695 1292 817 1363; x_wconf 79' lang='lat' dir='ltr'>virtutis,</span> <span class='ocrx_word' id='word_1_63' title='bbox 832 1291 907 1350; x_wconf 91' lang='lat' dir='ltr'>nihil</span> 
     </span>
     <span class='ocr_line' id='line_1_11' title="bbox 109 1389 950 1465; baseline 0 -19"><span class='ocrx_word' id='word_1_64' title='bbox 109 1389 212 1460; x_wconf 86' lang='lat' dir='ltr'>animi,</span> <span class='ocrx_word' id='word_1_65' title='bbox 233 1389 305 1446; x_wconf 91' lang='lat' dir='ltr'>nihil</span> <span class='ocrx_word' id='word_1_66' title='bbox 326 1407 489 1460; x_wconf 87' lang='lat' dir='ltr'>nervorum,</span> <span class='ocrx_word' id='word_1_67' title='bbox 503 1399 614 1465; x_wconf 88' lang='lat' dir='ltr'>putant.</span> <span class='ocrx_word' id='word_1_68' title='bbox 655 1389 725 1447; x_wconf 87' lang='lat' dir='ltr'>Nou</span> <span class='ocrx_word' id='word_1_69' title='bbox 745 1390 824 1447; x_wconf 85' lang='lat' dir='ltr'>enim</span> <span class='ocrx_word' id='word_1_70' title='bbox 844 1407 905 1447; x_wconf 88' lang='lat' dir='ltr'>om·</span> <span class='ocrx_word' id='word_1_71' title='bbox 919 1394 950 1446; x_wconf 89' lang='lat'>10</span> 
     </span>
     <span class='ocr_line' id='line_1_12' title="bbox 109 1470 904 1562; baseline 0 -18"><span class='ocrx_word' id='word_1_72' title='bbox 109 1505 164 1544; x_wconf 91' lang='lat' dir='ltr'>nes</span> <span class='ocrx_word' id='word_1_73' title='bbox 184 1505 234 1544; x_wconf 88' lang='lat' dir='ltr'>eos</span> <span class='ocrx_word' id='word_1_74' title='bbox 248 1470 449 1554; x_wconf 75' lang='lat' dir='ltr'>contemnunt,</span> <span class='ocrx_word' id='word_1_75' title='bbox 464 1487 500 1543; x_wconf 91' lang='lat' dir='ltr'>de</span> <span class='ocrx_word' id='word_1_76' title='bbox 513 1488 619 1562; x_wconf 87' lang='lat' dir='ltr'>quibus</span> <span class='ocrx_word' id='word_1_77' title='bbox 632 1485 707 1544; x_wconf 89' lang='lat' dir='ltr'>male</span> <span class='ocrx_word' id='word_1_78' title='bbox 723 1487 904 1546; x_wconf 69' lang='lat' dir='ltr'>existimante</span> 
     </span>
     <span class='ocr_line' id='line_1_13' title="bbox 109 1583 906 1659; baseline 0.004 -19"><span class='ocrx_word' id='word_1_79' title='bbox 109 1602 189 1655; x_wconf 84' lang='lat' dir='ltr'>nam,</span> <span class='ocrx_word' id='word_1_80' title='bbox 217 1603 288 1659; x_wconf 85' lang='lat' dir='ltr'>quos</span> <span class='ocrx_word' id='word_1_81' title='bbox 322 1583 477 1659; x_wconf 84' lang='lat' dir='ltr'>improbos,</span> <span class='ocrx_word' id='word_1_82' title='bbox 512 1584 680 1656; x_wconf 82' lang='lat' dir='ltr'>maledicos,</span> <span class='ocrx_word' id='word_1_83' title='bbox 708 1584 906 1645; x_wconf 70' lang='lat' dir='ltr'>fraudulentos</span> 
     </span>
     <span class='ocr_line' id='line_1_14' title="bbox 108 1680 906 1757; baseline 0.004 -21"><span class='ocrx_word' id='word_1_84' title='bbox 108 1690 223 1756; x_wconf 87' lang='lat' dir='ltr'>putant,</span> <span class='ocrx_word' id='word_1_85' title='bbox 238 1691 267 1737; x_wconf 92' lang='lat' dir='ltr'>et</span> <span class='ocrx_word' id='word_1_86' title='bbox 282 1681 317 1738; x_wconf 85' lang='lat' dir='ltr'>ad</span> <span class='ocrx_word' id='word_1_87' title='bbox 332 1681 495 1738; x_wconf 79' lang='lat' dir='ltr'>faciendam</span> <span class='ocrx_word' id='word_1_88' title='bbox 517 1680 651 1757; x_wconf 86' lang='lat' dir='ltr'>injuriam</span> <span class='ocrx_word' id='word_1_89' title='bbox 672 1681 838 1753; x_wconf 75' lang='lat' dir='ltr'>instructos,</span> <span class='ocrx_word' id='word_1_90' title='bbox 853 1699 906 1739; x_wconf 79' lang='lat' dir='ltr'>eon</span> 
     </span>
     <span class='ocr_line' id='line_1_15' title="bbox 110 1777 905 1854; baseline 0.001 -20"><span class='ocrx_word' id='word_1_91' title='bbox 110 1788 302 1835; x_wconf 82' lang='lat' dir='ltr'>contemnunt</span> <span class='ocrx_word' id='word_1_92' title='bbox 316 1777 432 1853; x_wconf 88' lang='lat' dir='ltr'>quidem</span> <span class='ocrx_word' id='word_1_93' title='bbox 449 1778 625 1854; x_wconf 88' lang='lat' dir='ltr'>neutiquam,</span> <span class='ocrx_word' id='word_1_94' title='bbox 640 1779 691 1836; x_wconf 83' lang='lat' dir='ltr'>sed</span> <span class='ocrx_word' id='word_1_95' title='bbox 705 1780 741 1836; x_wconf 91' lang='lat' dir='ltr'>de</span> <span class='ocrx_word' id='word_1_96' title='bbox 764 1778 808 1836; x_wconf 79' lang='lat' dir='ltr'>his</span> <span class='ocrx_word' id='word_1_97' title='bbox 829 1778 905 1836; x_wconf 83' lang='lat' dir='ltr'>mole</span> 
     </span>
     <span class='ocr_line' id='line_1_16' title="bbox 108 1874 949 1956; baseline 0.002 -23"><span class='ocrx_word' id='word_1_98' title='bbox 108 1875 284 1933; x_wconf 82' lang='lat' dir='ltr'>existimant.</span> <span class='ocrx_word' id='word_1_99' title='bbox 325 1874 537 1946; x_wconf 80' lang='lat' dir='ltr'>Quamobrem,</span> <span class='ocrx_word' id='word_1_100' title='bbox 566 1874 613 1952; x_wconf 89' lang='lat' dir='ltr'>(ot</span> <span class='ocrx_word' id='word_1_101' title='bbox 640 1886 706 1934; x_wconf 81' lang='lat' dir='ltr'>ante</span> <span class='ocrx_word' id='word_1_102' title='bbox 733 1875 806 1956; x_wconf 82' lang='lat' dir='ltr'>dixi)</span> <span class='ocrx_word' id='word_1_103' title='bbox 835 1880 949 1935; x_wconf 76' lang='lat' dir='ltr'>oon-15</span> 
     </span>
     <span class='ocr_line' id='line_1_17' title="bbox 108 1972 902 2052; baseline 0 -23"><span class='ocrx_word' id='word_1_104' title='bbox 108 1983 278 2030; x_wconf 85' lang='lat' dir='ltr'>temnuntur</span> <span class='ocrx_word' id='word_1_105' title='bbox 293 1972 324 2043; x_wconf 91' lang='lat' dir='ltr'>ii,</span> <span class='ocrx_word' id='word_1_106' title='bbox 338 1973 387 2048; x_wconf 90' lang='lat' dir='ltr'>qui</span> <span class='ocrx_word' id='word_1_107' title='bbox 401 1991 458 2029; x_wconf 85' lang='lat' dir='ltr'>neo</span> <span class='ocrx_word' id='word_1_108' title='bbox 470 1973 526 2030; x_wconf 78' lang='lat' dir='ltr'>eibi</span> <span class='ocrx_word' id='word_1_109' title='bbox 540 1992 596 2030; x_wconf 87' lang='lat' dir='ltr'>neo</span> <span class='ocrx_word' id='word_1_110' title='bbox 611 1973 693 2031; x_wconf 84' lang='lat' dir='ltr'>alteri</span> <span class='ocrx_word' id='word_1_111' title='bbox 708 1972 753 2051; x_wconf 86' lang='lat' dir='ltr'>(ut</span> <span class='ocrx_word' id='word_1_112' title='bbox 767 1973 902 2052; x_wconf 78' lang='lat' dir='ltr'>diui-tur);</span> 
     </span>
    </p>
   </div>
   <div class='ocr_carea' id='block_1_5' title="bbox 5 2069 904 2149">
    <p class='ocr_par' dir='ltr' id='par_1_5' title="bbox 5 2069 904 2149">
     <span class='ocr_line' id='line_1_18' title="bbox 5 2069 904 2149; baseline 0.001 -22"><span class='ocrx_word' id='word_1_113' title='bbox 5 2140 9 2149; x_wconf 19' lang='lat'><strong><em>⁵</em></strong></span> <span class='ocrx_word' id='word_1_114' title='bbox 107 2070 138 2127; x_wconf 93' lang='lat' dir='ltr'>in</span> <span class='ocrx_word' id='word_1_115' title='bbox 166 2069 271 2146; x_wconf 88' lang='lat' dir='ltr'>quibus</span> <span class='ocrx_word' id='word_1_116' title='bbox 298 2070 393 2128; x_wconf 84' lang='lat' dir='ltr'>nullus</span> <span class='ocrx_word' id='word_1_117' title='bbox 420 2069 511 2144; x_wconf 86' lang='lat' dir='ltr'>labor,</span> <span class='ocrx_word' id='word_1_118' title='bbox 539 2070 620 2128; x_wconf 89' lang='lat' dir='ltr'>nulla</span> <span class='ocrx_word' id='word_1_119' title='bbox 646 2070 796 2143; x_wconf 85' lang='lat' dir='ltr'>industria,</span> <span class='ocrx_word' id='word_1_120' title='bbox 823 2069 904 2130; x_wconf 79' lang='lat' dir='ltr'>nulla</span> 
     </span>
    </p>
   </div>
   <div class='ocr_carea' id='block_1_6' title="bbox 102 2179 949 3294">
    <p class='ocr_par' dir='ltr' id='par_1_6' title="bbox 107 2179 247 2226">
     <span class='ocr_line' id='line_1_19' title="bbox 107 2179 247 2226; baseline 0 -1"><span class='ocrx_word' id='word_1_121' title='bbox 107 2179 247 2226; x_wconf 83' lang='lat' dir='ltr'>curaest.</span> 
     </span>
    </p>

    <p class='ocr_par' dir='ltr' id='par_1_7' title="bbox 102 2261 949 3216">
     <span class='ocr_line' id='line_1_20' title="bbox 151 2261 903 2337; baseline -0.004 -14"><span class='ocrx_word' id='word_1_122' title='bbox 151 2264 354 2324; x_wconf 89' lang='lat' dir='ltr'>Admiratione</span> <span class='ocrx_word' id='word_1_123' title='bbox 375 2276 470 2323; x_wconf 87' lang='lat' dir='ltr'>autem</span> <span class='ocrx_word' id='word_1_124' title='bbox 492 2263 656 2322; x_wconf 75' lang='lat' dir='ltr'>afficiuntur</span> <span class='ocrx_word' id='word_1_125' title='bbox 676 2263 707 2330; x_wconf 90' lang='lat' dir='ltr'>ii,</span> <span class='ocrx_word' id='word_1_126' title='bbox 722 2262 772 2337; x_wconf 91' lang='lat' dir='ltr'>qui</span> <span class='ocrx_word' id='word_1_127' title='bbox 794 2261 903 2321; x_wconf 83' lang='lat' dir='ltr'>anteire</span> 
     </span>
     <span class='ocr_line' id='line_1_21' title="bbox 106 2358 949 2438; baseline -0.008 -18"><span class='ocrx_word' id='word_1_128' title='bbox 106 2373 230 2420; x_wconf 81' lang='lat' dir='ltr'>eaeteros</span> <span class='ocrx_word' id='word_1_129' title='bbox 250 2363 355 2419; x_wconf 81' lang='lat' dir='ltr'>virtute</span> <span class='ocrx_word' id='word_1_130' title='bbox 380 2371 527 2438; x_wconf 86' lang='lat' dir='ltr'>putantur,</span> <span class='ocrx_word' id='word_1_131' title='bbox 549 2370 579 2418; x_wconf 93' lang='lat' dir='ltr'>et</span> <span class='ocrx_word' id='word_1_132' title='bbox 602 2379 668 2417; x_wconf 87' lang='lat' dir='ltr'>oum</span> <span class='ocrx_word' id='word_1_133' title='bbox 696 2358 777 2417; x_wconf 90' lang='lat' dir='ltr'>omni</span> <span class='ocrx_word' id='word_1_134' title='bbox 803 2376 903 2417; x_wconf 81' lang='lat' dir='ltr'>carere</span> <span class='ocrx_word' id='word_1_135' title='bbox 916 2360 949 2411; x_wconf 58' lang='grc' dir='ltr'>ὓ)</span> 
     </span>
     <span class='ocr_line' id='line_1_22' title="bbox 106 2456 903 2534; baseline -0.003 -17"><span class='ocrx_word' id='word_1_136' title='bbox 106 2460 264 2531; x_wconf 77' lang='lat' dir='ltr'>dedecore,</span> <span class='ocrx_word' id='word_1_137' title='bbox 288 2470 351 2517; x_wconf 85' lang='lat' dir='ltr'>tum</span> <span class='ocrx_word' id='word_1_138' title='bbox 373 2479 440 2518; x_wconf 84' lang='lat' dir='ltr'>vero</span> <span class='ocrx_word' id='word_1_139' title='bbox 466 2458 503 2516; x_wconf 90' lang='lat' dir='ltr'>iis</span> <span class='ocrx_word' id='word_1_140' title='bbox 525 2458 612 2529; x_wconf 85' lang='lat' dir='ltr'>vitiis,</span> <span class='ocrx_word' id='word_1_141' title='bbox 636 2457 740 2534; x_wconf 79' lang='lat' dir='ltr'>quibus</span> <span class='ocrx_word' id='word_1_142' title='bbox 767 2456 816 2516; x_wconf 86' lang='lat' dir='ltr'>alii</span> <span class='ocrx_word' id='word_1_143' title='bbox 842 2474 903 2515; x_wconf 84' lang='lat' dir='ltr'>non</span> 
     </span>
     <span class='ocr_line' id='line_1_23' title="bbox 106 2554 901 2631; baseline -0.005 -16"><span class='ocrx_word' id='word_1_144' title='bbox 106 2556 195 2615; x_wconf 78' lang='lat' dir='ltr'>facile</span> <span class='ocrx_word' id='word_1_145' title='bbox 221 2566 344 2631; x_wconf 83' lang='lat' dir='ltr'>possunt</span> <span class='ocrx_word' id='word_1_146' title='bbox 369 2556 516 2614; x_wconf 83' lang='lat' dir='ltr'>obsistere.</span> <span class='ocrx_word' id='word_1_147' title='bbox 571 2554 648 2613; x_wconf 85' lang='lat' dir='ltr'>Nam</span> <span class='ocrx_word' id='word_1_148' title='bbox 675 2564 705 2612; x_wconf 90' lang='lat' dir='ltr'>et</span> <span class='ocrx_word' id='word_1_149' title='bbox 731 2554 901 2630; x_wconf 82' lang='lat' dir='ltr'>voluptates,</span> 
     </span>
     <span class='ocr_line' id='line_1_24' title="bbox 106 2651 903 2729; baseline -0.003 -18"><span class='ocrx_word' id='word_1_150' title='bbox 106 2653 303 2711; x_wconf 76' lang='lat' dir='ltr'>blandissimae</span> <span class='ocrx_word' id='word_1_151' title='bbox 330 2652 465 2724; x_wconf 75' lang='lat' dir='ltr'>dominre,</span> <span class='ocrx_word' id='word_1_152' title='bbox 492 2653 616 2729; x_wconf 79' lang='lat' dir='ltr'>majores</span> <span class='ocrx_word' id='word_1_153' title='bbox 642 2662 737 2729; x_wconf 74' lang='lat' dir='ltr'>partes</span> <span class='ocrx_word' id='word_1_154' title='bbox 769 2651 857 2709; x_wconf 88' lang='lat' dir='ltr'>animi</span> <span class='ocrx_word' id='word_1_155' title='bbox 884 2669 903 2709; x_wconf 79' lang='lat' dir='ltr'>a</span> 
     </span>
     <span class='ocr_line' id='line_1_25' title="bbox 106 2748 902 2824; baseline -0.005 -16"><span class='ocrx_word' id='word_1_156' title='bbox 106 2752 214 2809; x_wconf 79' lang='lat' dir='ltr'>virtute</span> <span class='ocrx_word' id='word_1_157' title='bbox 234 2751 423 2824; x_wconf 81' lang='lat' dir='ltr'>detorquent3</span> <span class='ocrx_word' id='word_1_158' title='bbox 445 2758 484 2820; x_wconf 84' lang='lat' dir='ltr'>et,</span> <span class='ocrx_word' id='word_1_159' title='bbox 506 2749 638 2807; x_wconf 92' lang='lat' dir='ltr'>dolorum</span> <span class='ocrx_word' id='word_1_160' title='bbox 659 2767 727 2806; x_wconf 84' lang='lat' dir='ltr'>oum</span> <span class='ocrx_word' id='word_1_161' title='bbox 748 2748 902 2805; x_wconf 76' lang='lat' dir='ltr'>admoven-</span> 
     </span>
     <span class='ocr_line' id='line_1_26' title="bbox 102 2845 947 2923; baseline -0.004 -17"><span class='ocrx_word' id='word_1_162' title='bbox 102 2858 154 2906; x_wconf 86' lang='lat' dir='ltr'>tur</span> <span class='ocrx_word' id='word_1_163' title='bbox 177 2847 266 2919; x_wconf 84' lang='lat' dir='ltr'>faoes,</span> <span class='ocrx_word' id='word_1_164' title='bbox 286 2857 390 2923; x_wconf 79' lang='lat' dir='ltr'>praeter</span> <span class='ocrx_word' id='word_1_165' title='bbox 416 2846 533 2903; x_wconf 89' lang='lat' dir='ltr'>modurn</span> <span class='ocrx_word' id='word_1_166' title='bbox 556 2845 688 2921; x_wconf 89' lang='lat' dir='ltr'>plerique</span> <span class='ocrx_word' id='word_1_167' title='bbox 711 2854 899 2903; x_wconf 82' lang='lat' dir='ltr'>exterrentur.</span> <span class='ocrx_word' id='word_1_168' title='bbox 914 2852 947 2903; x_wconf 73' lang='lat'>25</span> 
     </span>
     <span class='ocr_line' id='line_1_27' title="bbox 105 2942 902 3018; baseline -0.006 -14"><span class='ocrx_word' id='word_1_169' title='bbox 105 2945 188 3016; x_wconf 84' lang='lat' dir='ltr'>Vita,</span> <span class='ocrx_word' id='word_1_170' title='bbox 209 2962 296 3015; x_wconf 86' lang='lat' dir='ltr'>mors,</span> <span class='ocrx_word' id='word_1_171' title='bbox 318 2943 434 3015; x_wconf 79' lang='lat' dir='ltr'>diviriae,</span> <span class='ocrx_word' id='word_1_172' title='bbox 454 2952 619 3018; x_wconf 75' lang='lat' dir='ltr'>paupertas,</span> <span class='ocrx_word' id='word_1_173' title='bbox 640 2960 742 2999; x_wconf 79' lang='lat' dir='ltr'>omnen</span> <span class='ocrx_word' id='word_1_174' title='bbox 769 2942 902 2999; x_wconf 75' lang='lat' dir='ltr'>homines</span> 
     </span>
     <span class='ocr_line' id='line_1_28' title="bbox 105 3039 901 3116; baseline -0.005 -15"><span class='ocrx_word' id='word_1_175' title='bbox 105 3041 361 3101; x_wconf 80' lang='lat' dir='ltr'>vehementissime</span> <span class='ocrx_word' id='word_1_176' title='bbox 380 3050 556 3116; x_wconf 87' lang='lat' dir='ltr'>permovent.</span> <span class='ocrx_word' id='word_1_177' title='bbox 597 3040 675 3101; x_wconf 75' lang='lat' dir='ltr'>Quor</span> <span class='ocrx_word' id='word_1_178' title='bbox 689 3039 782 3115; x_wconf 88' lang='lat' dir='ltr'>quiin</span> <span class='ocrx_word' id='word_1_179' title='bbox 796 3049 901 3097; x_wconf 85' lang='lat' dir='ltr'>utram·</span> 
     </span>
     <span class='ocr_line' id='line_1_29' title="bbox 105 3135 899 3216; baseline -0.01 -18"><span class='ocrx_word' id='word_1_180' title='bbox 105 3158 166 3216; x_wconf 88' lang='lat' dir='ltr'>que</span> <span class='ocrx_word' id='word_1_181' title='bbox 178 3150 290 3216; x_wconf 83' lang='lat' dir='ltr'>partem</span> <span class='ocrx_word' id='word_1_182' title='bbox 304 3138 420 3197; x_wconf 79' lang='lat' dir='ltr'>excelso</span> <span class='ocrx_word' id='word_1_183' title='bbox 434 3138 529 3197; x_wconf 87' lang='lat' dir='ltr'>animo</span> <span class='ocrx_word' id='word_1_184' title='bbox 541 3155 705 3216; x_wconf 79' lang='lat' dir='ltr'>magnoque</span> <span class='ocrx_word' id='word_1_185' title='bbox 725 3135 899 3214; x_wconf 73' lang='lat' dir='ltr'>despiciunt,</span> 
     </span>
    </p>

    <p class='ocr_par' dir='ltr' id='par_1_8' title="bbox 348 3237 385 3294">
     <span class='ocr_line' id='line_1_30' title="bbox 348 3237 385 3294; baseline 0 0"><span class='ocrx_word' id='word_1_186' title='bbox 348 3237 385 3294; x_wconf 81' lang='lat'>1⁰</span> 
     </span>
    </p>
   </div>
   <div class='ocr_carea' id='block_1_7' title="bbox 0 0 1088 3609">
    <p class='ocr_par' dir='ltr' id='par_1_9' title="bbox 0 0 1088 3609">
     <span class='ocr_line' id='line_1_31' title="bbox 0 0 1088 3609; baseline 0 0"><span class='ocrx_word' id='word_1_187' title='bbox 0 0 1088 3609; x_wconf 95' lang='lat' dir='ltr'> </span> 
     </span>
    </p>
   </div>
  </div>
 </body>
</html>
