2167 3609
147 361 204 422 130
477 373 522 419 m:
542 372 688 421 osricus,
896 373 980 434 [nn

191 519 339 596 adjuvent:
360 521 454 597 sitque
467 540 554 580 omne
565 522 717 600 judicium,
728 540 885 598 nonquam
897 521 982 581 locu·

189 617 260 693 ples,
275 617 326 675 sed
338 618 440 694 qualis,
454 619 574 694 quisque
588 620 633 677 sit.

229 714 396 773 Extremum
430 725 526 773 autem
558 725 743 792 preceptum,
770 716 801 774 in
828 716 980 774 beneficiis

190 810 334 885 operique
353 810 458 881 danda,
479 822 532 882 est,
546 830 583 869 ne
603 811 673 886 quid
693 822 795 870 contra
812 812 977 888 equitatem

161 907 358 979 acontendas,
372 925 410 964 ne
427 907 495 983 quid
515 926 567 983 pro
588 908 700 983 injurii.
742 907 977 965 Fundamentum

191 1003 269 1061 enim
300 1014 445 1080 perpetua
479 1002 736 1061 commendationis
762 1014 792 1062 et
818 1004 903 1062 samse
932 1013 981 1061 est

187 1100 309 1177 justitia,
323 1099 385 1157 sine
399 1100 455 1175 quia
469 1100 539 1157 nihil
554 1109 724 1175 potestesse
737 1099 889 1158 laudabile.

229 1292 315 1350 XXI.
340 1292 408 1364 Sed,
429 1292 565 1368 quoniam
585 1292 622 1349 de
641 1311 676 1351 eo
695 1311 800 1370 genera
820 1292 981 1350 beneficio·

191 1406 255 1446 rum
288 1387 396 1446 dictum
423 1397 476 1460 est,
503 1408 567 1464 quae
597 1389 632 1447 ad
665 1389 794 1466 singulos
826 1398 976 1464 spectant;

148 1490 179 1540 1⁰
192 1484 328 1559 deinceps
355 1484 391 1543 de
418 1485 454 1542 iis
478 1504 542 1561 quae
564 1486 599 1543 ad
619 1486 777 1557 universas,
797 1504 917 1561 queque
938 1486 977 1544 ad

191 1581 397 1656 rempublicam
416 1582 570 1658 pertinent,
592 1582 794 1658 disputandum
817 1591 869 1640 est.
917 1581 978 1639 Eo-

191 1695 255 1734 rum
276 1687 371 1734 autem
392 1677 515 1753 ipsorum
531 1678 634 1753 partim
648 1678 787 1754 ejusmodi
801 1687 877 1749 sunt,
892 1687 924 1735 ut
937 1678 977 1735 ad

191 1772 338 1830 universos
365 1772 442 1830 cives
467 1773 639 1849 pertineant,
659 1772 762 1849 partim
788 1773 917 1850 singulos
942 1782 977 1831 ut

192 1869 342 1946 attingant,
358 1888 420 1944 quae
440 1880 507 1927 aunt
526 1870 613 1927 etiam
633 1869 767 1947 gratiora
807 1868 912 1927 Danda
930 1879 978 1928 est

148 1972 178 2021 15
191 1984 279 2040 opera
297 1966 425 2038 omnino,
439 1966 464 2024 si
483 1966 582 2042 possit,
596 1966 733 2042 utrisque,
747 1985 802 2024 nec
822 1964 927 2039 minus,
941 1977 978 2026 ut

191 2061 278 2119 etiam
298 2062 419 2139 singulis
438 2062 612 2133 consulatur,
626 2063 677 2119 sed
697 2062 746 2134 ita,
761 2071 841 2120 ntea
858 2080 905 2120 res
925 2072 978 2120 aut

191 2158 290 2235 prosit,
319 2169 368 2218 aut
400 2169 478 2217 certe
510 2176 569 2217 non
601 2159 686 2231 obsit,
712 2158 887 2234 reipublice.
937 2158 976 2217 C.

191 2255 317 2313 Gracchi
338 2255 523 2315 frumentaria
545 2274 651 2333 magna
668 2254 799 2333 largiti03
827 2253 978 2313 exhaurie-

192 2352 241 2410 bat
261 2352 347 2429 igitur
367 2353 514 2411 ararium:
535 2351 651 2410 modica
669 2350 711 2410 M.
732 2349 858 2423 Octavii,
872 2362 902 2410 at
921 2350 979 2409 rei·

146 2464 179 2513 no
191 2448 313 2524 publicai
332 2447 497 2521 tolerabilis,
511 2458 541 2505 et
559 2447 636 2523 plebi
656 2448 835 2519 necessaria3
857 2466 927 2525 ergo
945 2457 978 2507 et

191 2544 302 2602 civibus
315 2555 345 2603 et
357 2544 522 2620 reipublice
536 2543 676 2602 salutaris.

230 2639 264 2697 In
285 2639 385 2716 primis
406 2650 500 2698 autem
521 2640 676 2698 videndum
699 2640 753 2699 erit
771 2640 808 2713 ei,
831 2641 881 2716 qui
902 2659 979 2700 rem·

191 2736 335 2813 publicam
356 2736 574 2810 administrabit,
589 2746 621 2794 ut
634 2755 717 2795 suum
731 2736 850 2812 quiaque
866 2747 976 2811 teneat,

192 2849 285 2906 nequa
311 2831 454 2889 debonis
479 2832 654 2907 privatorum
678 2833 794 2908 publice
820 2832 977 2892 diminutio

146 2930 179 2980 25
192 2925 249 2984 fiat.
302 2925 468 2984 Perniciose
494 2927 572 2985 enim
595 2927 745 3004 Philippus
765 2928 795 2985 in
816 2927 976 3001 tribunatu,

192 3039 259 3078 eum
278 3019 372 3097 legem
392 3022 532 3099 agrariam
553 3023 639 3082 ferret
659 3022 759 3101 (quam
782 3033 879 3082 tamen
903 3023 977 3082 anti·

192 3115 274 3193 quari
293 3114 378 3174 facile
396 3136 497 3196 passus
515 3126 570 3191 est,
583 3128 613 3178 et
632 3118 662 3179 in
682 3137 719 3179 ea
738 3119 923 3184 vehementer
941 3137 978 3181 aa
