2167 3609
154 347 196 411 34
489 358 533 405 on
549 359 694 405 osricus.
915 356 955 415 [a.
967 356 989 402 1.

198 507 265 566 Una
279 525 315 564 ex
327 525 359 564 re
373 507 442 564 satis
461 507 636 584 praecipitur,
652 519 692 579 ut,
707 507 845 583 quidquid
862 508 924 565 sine
937 511 990 567 de·
1072 519 1075 528 '

1067 573 1079 774 l

199 605 334 662 trimento
343 605 430 681 possit
440 606 663 676 commodari,.id
673 606 814 662 tribuatur
824 607 866 662 vel
876 607 988 683 ignoto.

199 699 245 756 Ex
259 718 316 773 quo
330 710 396 756 sunt
411 699 460 756 illa
474 700 650 770 communia,
665 699 693 756 N
696 718 733 756 on
744 700 896 775 prohibere
911 702 989 774 aqud

198 796 377 872 profluente:
399 796 462 853 Pati
485 799 520 853 ab
541 796 609 872 igne
629 796 726 872 ignem
748 815 860 871 capere,
876 796 899 852 si
921 797 987 870 quis

170 894 285 963 5velit3
317 893 478 952 Consilium
499 893 583 950 fidele
610 893 779 950 deliberanti
805 893 889 950 dare:
921 913 985 968 quae

199 1002 266 1048 sunt
287 990 323 1048 iis
344 991 425 1047 utilia
439 991 488 1064 qui
504 991 660 1064 accipiunt,
675 990 755 1046 danti
776 1008 834 1046 non
855 991 984 1049 molesta.

198 1087 300 1148 Quare
321 1098 350 1144 et
371 1088 415 1144 lris
436 1087 576 1143 utendum
590 1097 643 1157 est,
658 1098 687 1142 et
701 1105 812 1161 semper
828 1084 934 1161 aliquid
950 1088 986 1144 ad
1073 1159 1076 1172 Ι

200 1203 383 1241 communem
412 1184 564 1241 utilitatem
594 1184 777 1240 afferendum.
820 1184 888 1254 Sed,
916 1202 987 1259 quo·

200 1281 277 1338 niam
299 1281 390 1355 eopiae
410 1300 503 1356 parvae
518 1280 697 1356 singulorum
716 1291 798 1349 sunt;
820 1299 920 1337 eorum
938 1300 987 1337 au·
1074 1293 1078 1356 ‘¹

156 1388 186 1436 10
200 1388 268 1449 tem,
297 1377 346 1451 qui
380 1377 423 1433 his
449 1387 564 1453 egeant,
592 1378 703 1434 infinita
736 1388 779 1435 est
812 1377 984 1448 multitudo;
1075 1369 1078 1378 ¹

200 1475 325 1550 vulgaris
339 1474 494 1531 liberalitas
514 1474 664 1531 referenda
683 1485 727 1531 est
748 1475 782 1531 ad
801 1475 882 1531 illum
896 1474 986 1532 Ennii
1075 1513 1079 1560 ἱ

200 1572 286 1629 linem
314 1571 347 1648 (⁴⁴
357 1570 556 1628 Nihilominus
581 1571 636 1645 ipsi
662 1571 787 1652 lucet''),
811 1581 843 1629 ut
865 1571 986 1629 facultas

201 1668 247 1740 sit,
262 1669 319 1743 qui
333 1668 362 1724 in
377 1679 488 1725 nostros
502 1668 591 1724 simus
604 1668 744 1726 liberales.

240 1862 337 1921 XVII.
367 1864 481 1921 Gradus
509 1875 604 1922 autem
627 1864 724 1940 plures
747 1874 814 1922 sunt
837 1864 985 1923 societatis

155 1967 186 2017 15
200 1960 357 2019 hominum.
399 1960 438 2018 Ut
458 1961 535 2018 enim
559 1962 594 2018 ab
616 1961 727 2018 infinita
746 1961 795 2018 illa
809 1961 985 2036 discedatur,

199 2057 373 2135 propiarent
387 2058 514 2135 ejusdem
529 2059 633 2135 gentis,
648 2059 782 2129 antiocia,
798 2058 913 2135 linguae,
928 2060 985 2134 qud

200 2157 324 2214 maxime
345 2156 476 2214 homines
497 2156 729 2232 conjunguntur:
758 2155 878 2213 interius
898 2156 986 2213 etiam

200 2264 254 2325 est,
279 2253 407 2329 ejusdem
430 2271 492 2310 esse
520 2253 652 2310 civitatis.
693 2250 788 2309 Multa
814 2252 891 2309 enim
918 2261 986 2308 aunt

201 2351 312 2408 civibus
331 2351 405 2407 inter
425 2370 456 2408 se
477 2350 658 2407 communia:
681 2349 783 2421 lorum,
804 2350 880 2420 fana,
898 2348 987 2425 porti-

155 2449 186 2499 20
201 2465 262 2515 cus,
277 2448 339 2516 vie,
360 2446 449 2522 leges,
468 2446 542 2521 jura,
561 2446 681 2521 judicia,
702 2447 845 2522 suffragia,
865 2464 987 2503 eonsue-

200 2541 325 2611 tudines,
352 2552 499 2615 praterea,
527 2552 557 2598 et
587 2542 803 2614 familiaritates
830 2542 986 2618 multisque

200 2656 267 2694 curn
281 2637 378 2693 multis
392 2655 437 2693 ros
457 2638 639 2713 rationesque
661 2650 824 2697 eontracta.
866 2639 986 2696 Arctior

201 2753 267 2790 vero
282 2733 429 2810 colligatio
446 2744 489 2790 est
502 2734 647 2791 societatis
660 2736 893 2811 propinquorum.
936 2736 987 2793 Ab

201 2829 250 2888 illa
268 2831 346 2887 enirn
367 2830 506 2887 immensa
528 2830 666 2889 societate
687 2832 804 2889 humani
825 2831 939 2908 generis
954 2831 986 2892 iu

155 2944 187 2994 25
201 2927 336 3002 exiguum
351 2938 560 3004 angustumque
574 2928 765 2986 concluditur.

240 3021 327 3094 Nam,
342 3041 409 3079 curn
429 3022 466 3080 sit
487 3023 544 3080 hoc
563 3024 667 3080 natura
687 3042 842 3082 commune
856 3024 987 3084 animan·

200 3117 283 3194 tium,
306 3128 339 3178 ut
362 3119 487 3178 habeant
511 3118 661 3179 libidinem
683 3121 866 3195 procreandi,
889 3121 988 3200 prima
