2167 3609
133 350 229 411 nm]
427 353 471 401 m:
492 354 637 426 punicus.
910 348 973 407 ’147

132 521 198 576 quae
218 501 368 559 laudande
380 520 439 559 non
453 502 520 573 sint,
535 503 574 560 ob
587 521 651 559 eam
667 501 782 581 (credo)
798 520 926 577 oausam,

133 599 211 672 quod
241 599 311 655 insit
338 599 368 656 in
396 599 441 655 his
469 587 577 673 aliquid
610 600 702 675 probi,
729 600 804 674 quod
831 600 927 676 cupiat

132 696 262 771 ignaros,
284 695 334 769 qui
361 696 459 766 iidem,
481 696 549 770 quid
570 696 600 752 in
620 696 793 771 unuqutque
813 715 844 753 re
865 696 927 754 vitii

130 792 180 862 sit,
199 802 349 866 nequeant
365 792 505 867 judicare.
547 791 657 867 Itaque,
673 811 740 849 eum
760 803 827 850 sunt
846 793 926 851 docti

133 907 151 944 a
163 887 278 963 peritis,
293 888 379 944 facile
393 887 536 945 desistunt
551 907 568 945 a
581 888 733 945 sententiis.
939 899 957 948 5

171 1079 226 1137 IV.
253 1080 328 1137 Haec
353 1080 441 1157 igitur
465 1082 569 1153 officia,
592 1082 628 1138 de
651 1081 755 1156 quibus
778 1081 823 1139 his
845 1081 926 1140 libris

130 1177 313 1248 disserimus,
329 1177 411 1251 quasi
432 1178 560 1234 secunda
580 1179 709 1252 quaedam
728 1179 850 1237 honesta
863 1198 926 1236 esse

130 1274 247 1344 dieunt,
269 1292 328 1331 nou
349 1273 511 1349 sapientum
531 1275 619 1332 modo
641 1276 766 1351 propriu,
788 1276 837 1333 sed
859 1294 926 1334 cum

129 1370 214 1428 omni
238 1371 388 1427 hominum
409 1389 515 1446 genere
537 1372 711 1429 eommunia.
753 1372 854 1448 Itaque
881 1373 926 1431 his

102 1487 105 1491 ’
129 1487 244 1538 omnes,
260 1468 289 1525 iu
304 1468 408 1542 quibus
421 1478 465 1524 est
479 1468 591 1525 virtutis
609 1468 730 1540 indoles,
745 1488 926 1527 commoven·
941 1477 972 1527 10

130 1574 188 1621 tur.
231 1563 544 1635 Neeve10,cumdu0
564 1564 660 1636 Decii,
676 1574 725 1622 aut
738 1565 795 1623 duo
816 1566 926 1641 Scipio-

130 1680 196 1731 nes,
218 1661 308 1717 sortes
328 1660 383 1718 viri
410 1671 684 1733 eommemorantur‚
707 1672 756 1719 aut
783 1681 849 1720 oum
871 1662 926 1721 Fu·

132 1757 255 1829 bricius,
280 1757 462 1818 Aristidesve
487 1757 582 1833 justus
608 1758 784 1830 nominatur,
813 1768 862 1817 aut
889 1760 925 1817 ab

131 1854 201 1924 illis,
216 1854 404 1925 fottitudinis,
421 1864 469 1911 aut
490 1855 526 1912 ab
546 1855 602 1926 his,
616 1855 744 1931 justitie,
759 1866 893 1932 tanquam
910 1875 927 1914 a

130 1951 324 2025 sapientibus,
352 1951 459 2026 petitur
492 1952 664 2027 exemplum.
718 1952 815 2009 Nemo
847 1953 924 2010 enim
940 1955 971 2005 15

129 2047 237 2105 horum
266 2048 310 2104 sie
336 2048 451 2124 sapiens
477 2059 530 2120 est,
552 2058 585 2106 ut
610 2049 770 2123 sapientem
794 2049 925 2107 volumus

129 2144 274 2220 intelligi:
302 2164 359 2202 nee
386 2145 416 2216 ii,
438 2145 488 2219 qui
516 2145 661 2220 sapientes
688 2144 779 2202 habiti
806 2156 873 2203 sunt
896 2156 925 2203 et

128 2241 284 2312 nominati,
307 2240 349 2297 M.
372 2240 446 2297 Cato
467 2250 496 2297 et
517 2240 551 2297 C.
574 2240 689 2310 Laelius,
705 2240 848 2316 sapientes
866 2241 925 2298 fue·

128 2349 215 2408 runt3
237 2355 275 2394 ne
296 2337 338 2394 illi
359 2337 475 2411 quidem
490 2347 617 2412 septem:
639 2323 699 2407 sed,
714 2355 750 2393 ex
764 2336 924 2394 mediorum

128 2435 294 2492 officiorum
329 2434 502 2508 frequentiis,
527 2432 746 2490 similitudinem
781 2434 924 2509 quandam
938 2438 970 2489 20

128 2531 273 2607 gerebant
286 2529 471 2605 speciemque
485 2529 657 2606 sapientium.

170 2625 325 2687 Quocirca
350 2644 406 2683 neo
431 2625 470 2697 id,
492 2626 570 2700 quod
597 2645 663 2683 vere
690 2627 843 2683 honestum
868 2638 923 2700 est,

129 2722 175 2779 sas
196 2732 241 2780 est
269 2742 337 2779 cum
364 2722 498 2779 utilitatis
525 2724 718 2800 repugnantiis
746 2726 922 2798 comparari3

128 2838 188 2877 nee
215 2819 245 2876 id
273 2819 400 2893 quidem,
428 2819 506 2893 quud
533 2820 724 2877 communiter
750 2819 924 2894 appellamus

129 2916 297 2987 honestum,
312 2916 389 2990 quod
412 2916 516 2973 colitur
532 2917 568 2973 ab
582 2917 617 2973 iis
632 2915 681 2990 qui
698 2916 789 2972 bonos
803 2935 834 2974 se
848 2918 924 2976 viros
938 2927 969 2978 2⁵

129 3012 233 3071 haberi
260 3012 371 3084 volunt,
400 3032 467 3070 oum
494 3012 698 3070 emolumentis
729 3032 854 3089 uuquam
878 3025 925 3073 est

128 3107 377 3185 comparandum:
405 3117 520 3184 tamque
548 3108 578 3165 id
606 3108 769 3181 honestum,
792 3107 869 3184 quod
892 3107 924 3165 in
