<?xml version="1.0" encoding="UTF-8"?>
<!DOCTYPE html PUBLIC "-//W3C//DTD XHTML 1.0 Transitional//EN"
    "http://www.w3.org/TR/xhtml1/DTD/xhtml1-transitional.dtd">
<html xmlns="http://www.w3.org/1999/xhtml" xml:lang="en" lang="en">
 <head>
  <title>
</title>
<meta http-equiv="Content-Type" content="text/html;charset=utf-8" />
  <meta name='ocr-system' content='tesseract 3.04.00' />
  <meta name='ocr-capabilities' content='ocr_page ocr_carea ocr_par ocr_line ocrx_word'/>
</head>
<body>
  <div class='ocr_page' id='page_1' title='image "./mtciceronisdeof01dillgoog/mtciceronisdeof01dillgoog_0102.png"; bbox 0 0 2167 3609; ppageno 0'>
   <div class='ocr_carea' id='block_1_1' title="bbox 135 354 978 436">
    <p class='ocr_par' dir='ltr' id='par_1_1' title="bbox 135 354 978 436">
     <span class='ocr_line' id='line_1_1' title="bbox 135 354 978 436; baseline -0.004 -10"><span class='ocrx_word' id='word_1_1' title='bbox 135 367 177 426; x_wconf 85' lang='grc'>96</span> <span class='ocrx_word' id='word_1_2' title='bbox 471 376 515 424; x_wconf 80' lang='lat' dir='ltr'>ou</span> <span class='ocrx_word' id='word_1_3' title='bbox 534 364 680 424; x_wconf 78' lang='lat' dir='ltr'>urricus.</span> <span class='ocrx_word' id='word_1_4' title='bbox 888 376 928 436; x_wconf 78' lang='lat' dir='ltr'>[a.</span> <span class='ocrx_word' id='word_1_5' title='bbox 938 354 978 424; x_wconf 63' lang='lat' dir='ltr'>11.v</span> 
     </span>
    </p>
   </div>
   <div class='ocr_carea' id='block_1_2' title="bbox 136 522 977 1562">
    <p class='ocr_par' dir='ltr' id='par_1_2' title="bbox 183 522 976 599">
     <span class='ocr_line' id='line_1_2' title="bbox 183 522 976 599; baseline -0.001 -16"><span class='ocrx_word' id='word_1_6' title='bbox 183 522 440 597; x_wconf 78' lang='lat' dir='ltr'><strong>administratione,</strong></span> <span class='ocrx_word' id='word_1_7' title='bbox 463 536 619 583; x_wconf 89' lang='lat' dir='ltr'>uteremur.</span> <span class='ocrx_word' id='word_1_8' title='bbox 659 523 765 599; x_wconf 86' lang='lat' dir='ltr'>Neque</span> <span class='ocrx_word' id='word_1_9' title='bbox 789 525 869 581; x_wconf 89' lang='lat' dir='ltr'>enim</span> <span class='ocrx_word' id='word_1_10' title='bbox 895 524 976 583; x_wconf 69' lang='lat' dir='ltr'>nte</span> 
     </span>
    </p>

    <p class='ocr_par' dir='ltr' id='par_1_3' title="bbox 181 621 976 699">
     <span class='ocr_line' id='line_1_3' title="bbox 181 621 976 699; baseline 0 -19"><span class='ocrx_word' id='word_1_11' title='bbox 181 622 290 680; x_wconf 90' lang='lat' dir='ltr'>tudinis</span> <span class='ocrx_word' id='word_1_12' title='bbox 311 623 433 694; x_wconf 85' lang='lat' dir='ltr'>curatio,</span> <span class='ocrx_word' id='word_1_13' title='bbox 446 641 540 697; x_wconf 89' lang='lat' dir='ltr'>neque</span> <span class='ocrx_word' id='word_1_14' title='bbox 561 621 717 699; x_wconf 86' lang='lat' dir='ltr'>navigatio,</span> <span class='ocrx_word' id='word_1_15' title='bbox 731 639 826 696; x_wconf 85' lang='lat' dir='ltr'>neque</span> <span class='ocrx_word' id='word_1_16' title='bbox 848 621 976 698; x_wconf 78' lang='lat' dir='ltr'>agricul-</span> 
     </span>
    </p>

    <p class='ocr_par' dir='ltr' id='par_1_4' title="bbox 181 718 974 796">
     <span class='ocr_line' id='line_1_4' title="bbox 181 718 974 796; baseline 0.004 -20"><span class='ocrx_word' id='word_1_17' title='bbox 181 729 255 791; x_wconf 91' lang='lat' dir='ltr'>tura,</span> <span class='ocrx_word' id='word_1_18' title='bbox 283 737 377 794; x_wconf 87' lang='lat' dir='ltr'>neque</span> <span class='ocrx_word' id='word_1_19' title='bbox 410 719 524 796; x_wconf 80' lang='lat' dir='ltr'>frugum</span> <span class='ocrx_word' id='word_1_20' title='bbox 559 719 761 793; x_wconf 80' lang='lat' dir='ltr'><strong>fructuumque</strong></span> <span class='ocrx_word' id='word_1_21' title='bbox 794 718 974 794; x_wconf 81' lang='lat' dir='ltr'>reliquorum</span> 
     </span>
    </p>

    <p class='ocr_par' dir='ltr' id='par_1_5' title="bbox 150 815 975 988">
     <span class='ocr_line' id='line_1_5' title="bbox 180 815 975 892; baseline 0.001 -20"><span class='ocrx_word' id='word_1_22' title='bbox 180 816 329 892; x_wconf 88' lang='lat' dir='ltr'>perceptio</span> <span class='ocrx_word' id='word_1_23' title='bbox 349 826 378 873; x_wconf 91' lang='lat' dir='ltr'>et</span> <span class='ocrx_word' id='word_1_24' title='bbox 399 816 591 886; x_wconf 81' lang='lat' dir='ltr'>conservatio,</span> <span class='ocrx_word' id='word_1_25' title='bbox 612 815 675 872; x_wconf 92' lang='lat' dir='ltr'>sine</span> <span class='ocrx_word' id='word_1_26' title='bbox 696 815 846 872; x_wconf 88' lang='lat' dir='ltr'>homiuum</span> <span class='ocrx_word' id='word_1_27' title='bbox 869 815 975 891; x_wconf 72' lang='lat' dir='ltr'>operi,</span> 
     </span>
     <span class='ocr_line' id='line_1_6' title="bbox 150 913 477 988; baseline 0.006 -20"><span class='ocrx_word' id='word_1_28' title='bbox 150 919 167 968; x_wconf 77' lang='grc' dir='ltr'><strong>ὅ</strong></span> <span class='ocrx_word' id='word_1_29' title='bbox 182 914 238 971; x_wconf 83' lang='lat' dir='ltr'>ulla</span> <span class='ocrx_word' id='word_1_30' title='bbox 253 932 316 969; x_wconf 88' lang='lat' dir='ltr'>esse</span> <span class='ocrx_word' id='word_1_31' title='bbox 329 913 477 988; x_wconf 88' lang='lat' dir='ltr'>potuisset.</span> 
     </span>
    </p>

    <p class='ocr_par' dir='ltr' id='par_1_6' title="bbox 181 1007 977 1375">
     <span class='ocr_line' id='line_1_7' title="bbox 221 1007 977 1082; baseline 0.004 -16"><span class='ocrx_word' id='word_1_32' title='bbox 221 1008 287 1066; x_wconf 89' lang='lat' dir='ltr'>Jarn</span> <span class='ocrx_word' id='word_1_33' title='bbox 307 1027 375 1066; x_wconf 87' lang='lat' dir='ltr'>vero</span> <span class='ocrx_word' id='word_1_34' title='bbox 395 1019 425 1066; x_wconf 91' lang='lat' dir='ltr'>et</span> <span class='ocrx_word' id='word_1_35' title='bbox 445 1025 542 1066; x_wconf 86' lang='lat' dir='ltr'>earum</span> <span class='ocrx_word' id='word_1_36' title='bbox 563 1026 669 1079; x_wconf 88' lang='lat' dir='ltr'>rerum,</span> <span class='ocrx_word' id='word_1_37' title='bbox 686 1007 790 1082; x_wconf 90' lang='lat' dir='ltr'>quibus</span> <span class='ocrx_word' id='word_1_38' title='bbox 812 1008 977 1069; x_wconf 73' lang='lat' dir='ltr'>abundare·</span> 
     </span>
     <span class='ocr_line' id='line_1_8' title="bbox 181 1105 976 1183; baseline 0.004 -21"><span class='ocrx_word' id='word_1_39' title='bbox 181 1125 255 1178; x_wconf 92' lang='lat' dir='ltr'>mus,</span> <span class='ocrx_word' id='word_1_40' title='bbox 283 1107 451 1183; x_wconf 80' lang='lat' dir='ltr'>exportatio,</span> <span class='ocrx_word' id='word_1_41' title='bbox 479 1117 508 1163; x_wconf 92' lang='lat' dir='ltr'>et</span> <span class='ocrx_word' id='word_1_42' title='bbox 535 1124 645 1177; x_wconf 89' lang='lat' dir='ltr'>earum,</span> <span class='ocrx_word' id='word_1_43' title='bbox 674 1105 777 1179; x_wconf 90' lang='lat' dir='ltr'>quibus</span> <span class='ocrx_word' id='word_1_44' title='bbox 808 1124 976 1183; x_wconf 76' lang='lat' dir='ltr'><strong>egeremus,</strong></span> 
     </span>
     <span class='ocr_line' id='line_1_9' title="bbox 181 1202 977 1276; baseline 0.003 -17"><span class='ocrx_word' id='word_1_45' title='bbox 181 1204 317 1276; x_wconf 82' lang='lat' dir='ltr'>invectio,</span> <span class='ocrx_word' id='word_1_46' title='bbox 339 1214 417 1260; x_wconf 83' lang='lat' dir='ltr'>certe</span> <span class='ocrx_word' id='word_1_47' title='bbox 437 1203 517 1260; x_wconf 82' lang='lat' dir='ltr'>nuda</span> <span class='ocrx_word' id='word_1_48' title='bbox 540 1210 625 1273; x_wconf 92' lang='lat' dir='ltr'>esset,</span> <span class='ocrx_word' id='word_1_49' title='bbox 646 1202 702 1259; x_wconf 93' lang='lat' dir='ltr'>nisi</span> <span class='ocrx_word' id='word_1_50' title='bbox 730 1202 775 1259; x_wconf 89' lang='lat' dir='ltr'>his</span> <span class='ocrx_word' id='word_1_51' title='bbox 802 1204 977 1262; x_wconf 88' lang='lat' dir='ltr'>muneribus</span> 
     </span>
     <span class='ocr_line' id='line_1_10' title="bbox 182 1297 974 1375; baseline 0.004 -20"><span class='ocrx_word' id='word_1_52' title='bbox 182 1299 313 1356; x_wconf 89' lang='lat' dir='ltr'>homines</span> <span class='ocrx_word' id='word_1_53' title='bbox 341 1299 536 1375; x_wconf 83' lang='lat' dir='ltr'>fungerentur.</span> <span class='ocrx_word' id='word_1_54' title='bbox 579 1297 747 1373; x_wconf 74' lang='lat' dir='ltr'>Eidemque</span> <span class='ocrx_word' id='word_1_55' title='bbox 770 1300 892 1371; x_wconf 87' lang='lat' dir='ltr'>ratione,</span> <span class='ocrx_word' id='word_1_56' title='bbox 913 1319 974 1358; x_wconf 88' lang='lat' dir='ltr'>uec</span> 
     </span>
    </p>

    <p class='ocr_par' dir='ltr' id='par_1_7' title="bbox 136 1394 973 1562">
     <span class='ocr_line' id='line_1_11' title="bbox 136 1394 973 1469; baseline 0.001 -16"><span class='ocrx_word' id='word_1_57' title='bbox 136 1404 166 1454; x_wconf 88' lang='lat'>10</span> <span class='ocrx_word' id='word_1_58' title='bbox 181 1394 290 1469; x_wconf 87' lang='lat' dir='ltr'>lapides</span> <span class='ocrx_word' id='word_1_59' title='bbox 313 1413 330 1451; x_wconf 85' lang='lat' dir='ltr'>e</span> <span class='ocrx_word' id='word_1_60' title='bbox 352 1395 428 1452; x_wconf 78' lang='lat' dir='ltr'>terni</span> <span class='ocrx_word' id='word_1_61' title='bbox 452 1395 654 1451; x_wconf 81' lang='lat' dir='ltr'>exciderentur</span> <span class='ocrx_word' id='word_1_62' title='bbox 677 1395 714 1459; x_wconf 86' lang='lat' dir='ltr'>ad</span> <span class='ocrx_word' id='word_1_63' title='bbox 736 1415 818 1454; x_wconf 86' lang='lat' dir='ltr'>usum</span> <span class='ocrx_word' id='word_1_64' title='bbox 839 1406 973 1459; x_wconf 86' lang='lat' dir='ltr'>nostrum</span> 
     </span>
     <span class='ocr_line' id='line_1_12' title="bbox 181 1490 354 1562; baseline -0.006 -14"><span class='ocrx_word' id='word_1_65' title='bbox 181 1490 354 1562; x_wconf 88' lang='lat' dir='ltr'>necessarii;</span> 
     </span>
    </p>
   </div>
   <div class='ocr_carea' id='block_1_3' title="bbox 212 1647 974 1792">
    <p class='ocr_par' dir='ltr' id='par_1_8' title="bbox 212 1647 974 1792">
     <span class='ocr_line' id='line_1_13' title="bbox 212 1647 974 1714; baseline 0.004 -18"><span class='ocrx_word' id='word_1_66' title='bbox 212 1652 228 1679; x_wconf 86' lang='lat'><strong><em>“</em></strong></span> <span class='ocrx_word' id='word_1_67' title='bbox 237 1647 291 1696; x_wconf 85' lang='lat' dir='ltr'>Nec</span> <span class='ocrx_word' id='word_1_68' title='bbox 306 1648 409 1711; x_wconf 85' lang='lat' dir='ltr'>ferrum,</span> <span class='ocrx_word' id='word_1_69' title='bbox 419 1665 463 1711; x_wconf 85' lang='lat' dir='ltr'>res,</span> <span class='ocrx_word' id='word_1_70' title='bbox 473 1664 572 1711; x_wconf 85' lang='lat' dir='ltr'>aurum,</span> <span class='ocrx_word' id='word_1_71' title='bbox 583 1655 726 1714; x_wconf 84' lang='lat' dir='ltr'>argentum,</span> <span class='ocrx_word' id='word_1_72' title='bbox 736 1649 885 1699; x_wconf 83' lang='lat' dir='ltr'>effoderetur</span> <span class='ocrx_word' id='word_1_73' title='bbox 900 1649 974 1714; x_wconf 74' lang='lat' dir='ltr'>peni-</span> 
     </span>
     <span class='ocr_line' id='line_1_14' title="bbox 274 1730 462 1792; baseline 0.011 -15"><span class='ocrx_word' id='word_1_74' title='bbox 274 1735 315 1777; x_wconf 92' lang='lat' dir='ltr'>tus</span> <span class='ocrx_word' id='word_1_75' title='bbox 326 1730 462 1792; x_wconf 86' lang='lat' dir='ltr'>abditum,”</span> 
     </span>
    </p>
   </div>
   <div class='ocr_carea' id='block_1_4' title="bbox 182 1881 674 1941">
    <p class='ocr_par' dir='ltr' id='par_1_9' title="bbox 182 1881 674 1941">
     <span class='ocr_line' id='line_1_15' title="bbox 182 1881 674 1941; baseline 0.004 -2"><span class='ocrx_word' id='word_1_76' title='bbox 182 1881 245 1939; x_wconf 92' lang='lat' dir='ltr'>sine</span> <span class='ocrx_word' id='word_1_77' title='bbox 259 1881 408 1940; x_wconf 87' lang='lat' dir='ltr'>hominurn</span> <span class='ocrx_word' id='word_1_78' title='bbox 422 1882 520 1940; x_wconf 89' lang='lat' dir='ltr'>labore</span> <span class='ocrx_word' id='word_1_79' title='bbox 535 1893 565 1940; x_wconf 89' lang='lat' dir='ltr'>et</span> <span class='ocrx_word' id='word_1_80' title='bbox 579 1901 674 1941; x_wconf 88' lang='lat' dir='ltr'>manu.</span> 
     </span>
    </p>
   </div>
   <div class='ocr_carea' id='block_1_5' title="bbox 134 2073 974 3213">
    <p class='ocr_par' dir='ltr' id='par_1_10' title="bbox 220 2073 972 2152">
     <span class='ocr_line' id='line_1_16' title="bbox 220 2073 972 2152; baseline 0.003 -21"><span class='ocrx_word' id='word_1_81' title='bbox 220 2073 271 2132; x_wconf 89' lang='lat' dir='ltr'>lv.</span> <span class='ocrx_word' id='word_1_82' title='bbox 293 2074 390 2132; x_wconf 87' lang='lat' dir='ltr'>Tecta</span> <span class='ocrx_word' id='word_1_83' title='bbox 402 2093 480 2147; x_wconf 89' lang='lat' dir='ltr'>vero,</span> <span class='ocrx_word' id='word_1_84' title='bbox 495 2075 599 2150; x_wconf 90' lang='lat' dir='ltr'>quibus</span> <span class='ocrx_word' id='word_1_85' title='bbox 620 2085 649 2132; x_wconf 91' lang='lat' dir='ltr'>et</span> <span class='ocrx_word' id='word_1_86' title='bbox 669 2074 808 2152; x_wconf 82' lang='lat' dir='ltr'>frigorum</span> <span class='ocrx_word' id='word_1_87' title='bbox 821 2074 864 2132; x_wconf 90' lang='lat' dir='ltr'>vis</span> <span class='ocrx_word' id='word_1_88' title='bbox 880 2075 972 2151; x_wconf 89' lang='lat' dir='ltr'>pelle-</span> 
     </span>
    </p>

    <p class='ocr_par' dir='ltr' id='par_1_11' title="bbox 134 2171 974 3213">
     <span class='ocr_line' id='line_1_17' title="bbox 135 2171 972 2244; baseline 0.005 -18"><span class='ocrx_word' id='word_1_89' title='bbox 135 2176 166 2225; x_wconf 84' lang='lat'>15</span> <span class='ocrx_word' id='word_1_90' title='bbox 181 2180 269 2243; x_wconf 89' lang='lat' dir='ltr'>retur,</span> <span class='ocrx_word' id='word_1_91' title='bbox 284 2182 313 2229; x_wconf 88' lang='lat' dir='ltr'>et</span> <span class='ocrx_word' id='word_1_92' title='bbox 327 2172 456 2229; x_wconf 83' lang='lat' dir='ltr'>calorum</span> <span class='ocrx_word' id='word_1_93' title='bbox 477 2171 616 2229; x_wconf 83' lang='lat' dir='ltr'>molestiae</span> <span class='ocrx_word' id='word_1_94' title='bbox 635 2173 813 2244; x_wconf 86' lang='lat' dir='ltr'>sedarentur,</span> <span class='ocrx_word' id='word_1_95' title='bbox 828 2172 906 2229; x_wconf 89' lang='lat' dir='ltr'>unde</span> <span class='ocrx_word' id='word_1_96' title='bbox 921 2183 972 2230; x_wconf 89' lang='lat' dir='ltr'>aut</span> 
     </span>
     <span class='ocr_line' id='line_1_18' title="bbox 181 2266 971 2344; baseline 0.001 -20"><span class='ocrx_word' id='word_1_97' title='bbox 181 2266 265 2324; x_wconf 87' lang='lat' dir='ltr'>initio</span> <span class='ocrx_word' id='word_1_98' title='bbox 285 2267 385 2344; x_wconf 86' lang='lat' dir='ltr'>generi</span> <span class='ocrx_word' id='word_1_99' title='bbox 406 2267 533 2324; x_wconf 88' lang='lat' dir='ltr'>humano</span> <span class='ocrx_word' id='word_1_100' title='bbox 547 2266 609 2324; x_wconf 87' lang='lat' dir='ltr'>dari</span> <span class='ocrx_word' id='word_1_101' title='bbox 622 2267 792 2343; x_wconf 86' lang='lat' dir='ltr'>potuissent,</span> <span class='ocrx_word' id='word_1_102' title='bbox 808 2268 856 2325; x_wconf 87' lang='lat' dir='ltr'>aut</span> <span class='ocrx_word' id='word_1_103' title='bbox 868 2278 971 2343; x_wconf 87' lang='lat' dir='ltr'>postea</span> 
     </span>
     <span class='ocr_line' id='line_1_19' title="bbox 181 2363 970 2439; baseline 0 -18"><span class='ocrx_word' id='word_1_104' title='bbox 181 2364 337 2434; x_wconf 88' lang='lat' dir='ltr'>subveniri,</span> <span class='ocrx_word' id='word_1_105' title='bbox 352 2364 376 2421; x_wconf 92' lang='lat' dir='ltr'>si</span> <span class='ocrx_word' id='word_1_106' title='bbox 392 2373 440 2421; x_wconf 91' lang='lat' dir='ltr'>aut</span> <span class='ocrx_word' id='word_1_107' title='bbox 453 2364 481 2420; x_wconf 92' lang='lat' dir='ltr'>vi</span> <span class='ocrx_word' id='word_1_108' title='bbox 501 2363 689 2439; x_wconf 86' lang='lat' dir='ltr'>tempestatis,</span> <span class='ocrx_word' id='word_1_109' title='bbox 705 2375 754 2422; x_wconf 87' lang='lat' dir='ltr'>aut</span> <span class='ocrx_word' id='word_1_110' title='bbox 773 2374 856 2421; x_wconf 76' lang='lat' dir='ltr'>terrae</span> <span class='ocrx_word' id='word_1_111' title='bbox 877 2375 970 2436; x_wconf 89' lang='lat' dir='ltr'>motu,</span> 
     </span>
     <span class='ocr_line' id='line_1_20' title="bbox 182 2460 971 2532; baseline 0.001 -15"><span class='ocrx_word' id='word_1_112' title='bbox 182 2469 231 2517; x_wconf 89' lang='lat' dir='ltr'>aut</span> <span class='ocrx_word' id='word_1_113' title='bbox 251 2470 392 2516; x_wconf 88' lang='lat' dir='ltr'>vetustate</span> <span class='ocrx_word' id='word_1_114' title='bbox 413 2460 597 2532; x_wconf 86' lang='lat' dir='ltr'>cecidissent,</span> <span class='ocrx_word' id='word_1_115' title='bbox 611 2460 667 2517; x_wconf 88' lang='lat' dir='ltr'>nisi</span> <span class='ocrx_word' id='word_1_116' title='bbox 682 2461 845 2518; x_wconf 88' lang='lat' dir='ltr'>communis</span> <span class='ocrx_word' id='word_1_117' title='bbox 858 2461 917 2519; x_wconf 85' lang='lat' dir='ltr'>vita</span> <span class='ocrx_word' id='word_1_118' title='bbox 934 2462 971 2518; x_wconf 86' lang='lat' dir='ltr'>ab</span> 
     </span>
     <span class='ocr_line' id='line_1_21' title="bbox 181 2554 973 2632; baseline 0.004 -21"><span class='ocrx_word' id='word_1_119' title='bbox 181 2554 345 2612; x_wconf 89' lang='lat' dir='ltr'>hominibus</span> <span class='ocrx_word' id='word_1_120' title='bbox 372 2555 473 2612; x_wconf 89' lang='lat' dir='ltr'>harum</span> <span class='ocrx_word' id='word_1_121' title='bbox 500 2575 596 2613; x_wconf 89' lang='lat' dir='ltr'>rerum</span> <span class='ocrx_word' id='word_1_122' title='bbox 627 2556 732 2614; x_wconf 87' lang='lat' dir='ltr'>auxilia</span> <span class='ocrx_word' id='word_1_123' title='bbox 764 2567 863 2632; x_wconf 88' lang='lat' dir='ltr'>petere</span> <span class='ocrx_word' id='word_1_124' title='bbox 897 2557 973 2614; x_wconf 92' lang='lat' dir='ltr'>didi·</span> 
     </span>
     <span class='ocr_line' id='line_1_22' title="bbox 134 2650 972 2729; baseline 0.006 -22"><span class='ocrx_word' id='word_1_125' title='bbox 134 2667 166 2716; x_wconf 74' lang='lat'>2⁰</span> <span class='ocrx_word' id='word_1_126' title='bbox 181 2650 288 2708; x_wconf 78' lang='lat' dir='ltr'>cissett</span> <span class='ocrx_word' id='word_1_127' title='bbox 342 2652 426 2709; x_wconf 83' lang='lat' dir='ltr'>Adde</span> <span class='ocrx_word' id='word_1_128' title='bbox 460 2652 564 2710; x_wconf 89' lang='lat' dir='ltr'>ductus</span> <span class='ocrx_word' id='word_1_129' title='bbox 599 2672 745 2729; x_wconf 85' lang='lat' dir='ltr'>aquarum,</span> <span class='ocrx_word' id='word_1_130' title='bbox 777 2653 972 2713; x_wconf 83' lang='lat' dir='ltr'>derivationes</span> 
     </span>
     <span class='ocr_line' id='line_1_23' title="bbox 181 2746 972 2827; baseline 0.006 -23"><span class='ocrx_word' id='word_1_131' title='bbox 181 2746 341 2821; x_wconf 88' lang='lat' dir='ltr'>fluminum,</span> <span class='ocrx_word' id='word_1_132' title='bbox 357 2767 491 2825; x_wconf 88' lang='lat' dir='ltr'>agrorum</span> <span class='ocrx_word' id='word_1_133' title='bbox 511 2749 704 2827; x_wconf 84' lang='lat' dir='ltr'>irrigationes,</span> <span class='ocrx_word' id='word_1_134' title='bbox 718 2750 808 2809; x_wconf 88' lang='lat' dir='ltr'>moles</span> <span class='ocrx_word' id='word_1_135' title='bbox 824 2751 972 2826; x_wconf 87' lang='lat' dir='ltr'>oppositas</span> 
     </span>
     <span class='ocr_line' id='line_1_24' title="bbox 181 2843 972 2922; baseline 0.006 -22"><span class='ocrx_word' id='word_1_136' title='bbox 181 2843 327 2917; x_wconf 88' lang='lat' dir='ltr'>fluctibus,</span> <span class='ocrx_word' id='word_1_137' title='bbox 347 2855 447 2921; x_wconf 89' lang='lat' dir='ltr'>portus</span> <span class='ocrx_word' id='word_1_138' title='bbox 467 2865 554 2902; x_wconf 86' lang='lat' dir='ltr'>manu</span> <span class='ocrx_word' id='word_1_139' title='bbox 576 2846 683 2917; x_wconf 82' lang='lat' dir='ltr'>sact0s3</span> <span class='ocrx_word' id='word_1_140' title='bbox 712 2866 775 2922; x_wconf 84' lang='lat' dir='ltr'>quae</span> <span class='ocrx_word' id='word_1_141' title='bbox 797 2848 885 2918; x_wconf 88' lang='lat' dir='ltr'>unde,</span> <span class='ocrx_word' id='word_1_142' title='bbox 907 2847 972 2907; x_wconf 87' lang='lat' dir='ltr'>sine</span> 
     </span>
     <span class='ocr_line' id='line_1_25' title="bbox 181 2938 971 3019; baseline 0.008 -23"><span class='ocrx_word' id='word_1_143' title='bbox 181 2938 330 2997; x_wconf 88' lang='lat' dir='ltr'>homiuum</span> <span class='ocrx_word' id='word_1_144' title='bbox 351 2942 449 3017; x_wconf 75' lang='lat' dir='ltr'>operi,</span> <span class='ocrx_word' id='word_1_145' title='bbox 471 2942 577 3000; x_wconf 86' lang='lat' dir='ltr'>habere</span> <span class='ocrx_word' id='word_1_146' title='bbox 597 2945 768 3018; x_wconf 69' lang='lat' dir='ltr'>possemus?</span> <span class='ocrx_word' id='word_1_147' title='bbox 794 2962 831 3001; x_wconf 87' lang='lat' dir='ltr'>ex</span> <span class='ocrx_word' id='word_1_148' title='bbox 854 2944 971 3019; x_wconf 88' lang='lat' dir='ltr'>quibus,</span> 
     </span>
     <span class='ocr_line' id='line_1_26' title="bbox 182 3035 972 3116; baseline 0.009 -24"><span class='ocrx_word' id='word_1_149' title='bbox 182 3035 334 3111; x_wconf 89' lang='lat' dir='ltr'>multisque</span> <span class='ocrx_word' id='word_1_150' title='bbox 368 3037 441 3107; x_wconf 89' lang='lat' dir='ltr'>aliis,</span> <span class='ocrx_word' id='word_1_151' title='bbox 467 3039 653 3114; x_wconf 88' lang='lat' dir='ltr'>perspicuum</span> <span class='ocrx_word' id='word_1_152' title='bbox 683 3050 737 3110; x_wconf 88' lang='lat' dir='ltr'>est,</span> <span class='ocrx_word' id='word_1_153' title='bbox 764 3040 814 3116; x_wconf 91' lang='lat' dir='ltr'>qui</span> <span class='ocrx_word' id='word_1_154' title='bbox 848 3040 972 3114; x_wconf 82' lang='lat' dir='ltr'>fructus,</span> 
     </span>
     <span class='ocr_line' id='line_1_27' title="bbox 135 3134 974 3213; baseline 0.002 -18"><span class='ocrx_word' id='word_1_155' title='bbox 135 3145 168 3195; x_wconf 67' lang='lat'>25</span> <span class='ocrx_word' id='word_1_156' title='bbox 182 3151 302 3210; x_wconf 83' lang='lat' dir='ltr'><strong>quaeque</strong></span> <span class='ocrx_word' id='word_1_157' title='bbox 330 3134 479 3208; x_wconf 88' lang='lat' dir='ltr'>utilitates,</span> <span class='ocrx_word' id='word_1_158' title='bbox 507 3153 544 3193; x_wconf 80' lang='lat' dir='ltr'>ex</span> <span class='ocrx_word' id='word_1_159' title='bbox 569 3136 655 3194; x_wconf 86' lang='lat' dir='ltr'>rebus</span> <span class='ocrx_word' id='word_1_160' title='bbox 681 3136 718 3196; x_wconf 92' lang='lat' dir='ltr'>iis</span> <span class='ocrx_word' id='word_1_161' title='bbox 744 3156 808 3213; x_wconf 81' lang='lat' dir='ltr'>quae</span> <span class='ocrx_word' id='word_1_162' title='bbox 834 3147 903 3198; x_wconf 87' lang='lat' dir='ltr'>sunt</span> <span class='ocrx_word' id='word_1_163' title='bbox 929 3139 974 3197; x_wconf 88' lang='lat' dir='ltr'>in·</span> 
     </span>
    </p>
   </div>
   <div class='ocr_carea' id='block_1_6' title="bbox 0 0 1088 3609">
    <p class='ocr_par' dir='ltr' id='par_1_12' title="bbox 0 0 1088 3609">
     <span class='ocr_line' id='line_1_28' title="bbox 0 0 1088 3609; baseline 0 0"><span class='ocrx_word' id='word_1_164' title='bbox 0 0 1088 3609; x_wconf 95' lang='lat' dir='ltr'> </span> 
     </span>
    </p>
   </div>
  </div>
 </body>
</html>
