2167 3609
101 333 129 381 u.
140 334 172 395 r]
395 332 438 382 ns
458 333 604 381 osricus.
897 323 938 382 65

111 525 114 531 ,
141 481 275 539 XXXII.
310 479 358 542 Ac
374 481 484 540 duabus
504 482 540 540 iis
559 480 699 558 personis,
713 499 784 557 quas
803 499 890 558 supra

100 577 172 649 dixi,
194 579 278 636 tertia
300 578 473 655 adjungitur,
498 598 584 653 quam
608 598 692 636 casus
713 579 814 655 aliquis
839 588 889 637 aut

100 683 215 749 tempus
237 674 374 750 imponit3
406 686 507 750 quarta
526 676 623 747 ctiam,
642 694 727 751 quam
747 676 889 736 nobismet

101 769 158 844 ipsi
169 771 281 845 judicio
295 782 394 828 nostro
408 772 665 845 accommodamus.
700 770 777 831 Nam
788 787 887 849 regna,

101 866 234 941 imperia,
255 868 428 940 nobilitates,
449 869 583 940 honores,
607 868 723 940 divitiae,
743 887 822 944 opes,
843 875 921 927 tea-5

100 982 157 1038 que
173 982 236 1037 quae
256 974 321 1021 sunt
343 964 388 1022 his
408 966 561 1037 contraria,
583 964 614 1022 in
639 984 707 1022 casu
732 965 795 1036 sita,
819 976 890 1022 tem·

100 1060 221 1133 poribus
241 1061 444 1136 gubernantur.
486 1060 545 1137 Ipsi
570 1073 664 1120 autern
685 1080 784 1138 gerere
804 1079 888 1137 quam

100 1174 254 1230 personam
274 1156 402 1227 velimus,
418 1177 435 1215 a
454 1158 551 1215 nostrai
567 1158 712 1215 voluntate
732 1156 890 1233 proticisci·

100 1260 156 1309 tur.
198 1251 300 1326 Itaque
321 1271 351 1310 so
373 1254 422 1310 alii
445 1255 479 1311 ad
498 1254 718 1330 philosophiam,
734 1252 781 1311 alii
796 1252 831 1310 ad
842 1253 889 1329 jus

101 1347 199 1419 civile,
209 1349 257 1406 alii
268 1349 303 1406 ed
312 1349 514 1425 eloquentiam,
526 1351 687 1426 applicant:
709 1351 889 1426 ipsarumque
905 1348 936 1405 1'0

101 1444 240 1501 virtutum
255 1445 284 1501 in
300 1445 356 1503 alit
371 1445 443 1503 alius
457 1446 564 1504 mavult
578 1447 727 1504 excellere.

139 1539 277 1601 Quorum
292 1560 359 1598 vero
377 1551 473 1617 patres
489 1552 537 1599 eut
551 1542 673 1618 majores
689 1543 783 1618 aliqud
797 1542 889 1620 glorib

100 1636 305 1711 praestiterunt,
321 1637 341 1695 ii
362 1638 477 1696 student
495 1639 662 1715 plerumque
681 1640 783 1697 eodem
797 1639 827 1698 in
841 1659 889 1717 ἔθ’,

100 1750 172 1789 nere
186 1733 280 1790 laudis
294 1734 453 1804 excellere;
475 1745 507 1792 ut
519 1735 560 1796 Q.
575 1734 703 1807 Mucius,
715 1736 746 1793 P.
758 1736 844 1814 filius,
857 1736 888 1794 in

98 1827 164 1904 jure
185 1828 280 1900 civili;
301 1818 384 1888 Pauli
405 1831 480 1888 filius
500 1832 657 1891 Africanus
673 1833 703 1890 in
717 1852 748 1890 re
762 1833 886 1891 militari.
905 1840 936 1890 15

100 1925 233 1986 Quidam
255 1935 360 1998 autem,
384 1927 418 1984 nd
441 1947 490 1985 aas
513 1928 613 1987 laudes
633 1949 704 2006 quas
725 1930 888 2005 apatribus

102 2033 288 2097 acceperunt,
304 2022 413 2081 addunt
435 2024 558 2099 aliquam
579 2044 677 2083 suam:
699 2035 730 2083 ut
749 2025 797 2084 hic
812 2025 887 2082 idem

100 2115 260 2194 Africanus
269 2118 432 2194 eloquentia
441 2120 597 2178 cumulavit
609 2121 740 2178 bellicam
750 2121 887 2196 gloriam:

100 2214 180 2289 quod
202 2214 278 2272 idem
301 2213 370 2273 fecit
388 2215 571 2287 Timotheus,
587 2217 715 2274 Cononis
730 2217 814 2288 filius,
829 2217 887 2294 qui,

101 2329 170 2367 cum
191 2310 260 2367 belli
280 2310 365 2369 laude
380 2331 440 2369 non
454 2312 572 2370 inferior
586 2312 686 2370 suisset
698 2330 783 2388 quam
796 2322 887 2388 pater,
903 2330 936 2379 ω

101 2406 137 2463 ad
152 2425 217 2464 eam
231 2406 355 2477 laudem,
370 2407 507 2465 doctrinae
521 2417 550 2465 et
569 2407 679 2484 ingenii
700 2407 820 2485 gloriam
842 2408 889 2465 ad·

10 2545 11 2552 1
97 2501 179 2579 jecit.
222 2502 271 2560 Fit
293 2513 387 2560 autem
408 2503 561 2575 iriterdum,
576 2515 607 2562 ut
625 2505 766 2576 nonnulli,
781 2505 887 2562 omissi

10 3103 16 3254 l

11 3323 13 3352 l

100 2598 264 2655 imitatione
284 2599 433 2675 majorum,
454 2618 537 2657 suum
559 2600 701 2674 quoddam
725 2602 887 2659 institutum

101 2705 334 2770 consequantur:
355 2695 533 2772 maximeque
554 2697 584 2753 in
603 2717 639 2754 eo
651 2699 818 2773 plerumque
832 2698 889 2755 ela·

100 2791 204 2848 borant
218 2791 249 2863 ii,
264 2790 313 2867 qui
327 2810 432 2869 magna
441 2792 497 2850 sibi
506 2806 679 2870 proponunt,
691 2795 821 2852 obscuris
832 2796 894 2870 orti
903 2803 935 2852 25

99 2887 266 2963 majoribus.

139 2982 215 3041 Haec
230 2984 317 3061 igitur
328 2984 435 3058 omnia,
445 3004 510 3043 curn
522 2986 685 3062 querimus,
697 2988 764 3062 quid
776 2989 888 3064 deceat,

100 3080 257 3157 complecti
283 3081 379 3140 animo
407 3093 436 3141 et
464 3083 639 3162 cogitatione
666 3084 812 3142 debemus.
852 3082 888 3140 In

338 3178 358 3234 6
366 3176 383 3212 ἢ
