2167 3609
466 340 509 387 or:
526 339 670 387 osricus.
893 340 964 400 [ur.
1049 389 1050 394 ,

181 487 280 564 aperti,
292 487 342 562 qui
356 488 426 546 nihil
438 507 475 546 ex
486 490 613 561 occulto,
623 487 696 546 nihil
707 505 743 545 ex
752 487 865 545 insidiis
877 507 965 566 agen·

180 585 247 642 dum
267 595 377 660 putant,
399 586 526 643 veritatis
547 585 681 656 cultores,
703 584 811 642 fraudis
831 585 964 643 inimici:

180 681 305 754 itemque
320 680 377 753 alii,
392 682 440 756 qui
461 680 571 755 quidvis
591 681 795 756 perpetiantur,
810 681 902 738 cuivis
916 681 966 740 de·
1053 722 1055 742 r

180 777 313 848 serviant,
338 777 416 845 dum,
444 778 520 852 quod
547 777 644 848 velint,
673 787 899 851 consequantur;
932 786 966 835 ut
1053 785 1054 798 ²

149 872 267 933 bsuilae
288 872 329 930 M.
351 873 486 931 Crassum
507 872 689 941 videbamus;
716 871 786 947 (quo
806 871 836 928 in
856 891 965 948 genere

180 970 404 1026 versutissimum
418 980 447 1026 et
459 968 697 1046 patientissimum
711 968 965 1026 Lacedaemonium
1056 1009 1057 1014 κ

181 1065 358 1141 Lysandrum
375 1065 548 1139 accepimus,
563 1072 721 1137 contraque
737 1063 964 1137 Callicratidam,

181 1161 230 1235 qui
255 1161 406 1236 praesectus
428 1160 513 1217 classi
533 1160 680 1234 proximus
699 1168 763 1235 post
784 1159 965 1235 Lysandrum

182 1257 248 1335 suit)
261 1257 385 1330 itemque
399 1256 429 1312 in
443 1256 633 1327 sermonibus,
647 1256 742 1327 alium,
753 1257 880 1331 quamvis
893 1275 966 1332 prae·

137 1373 167 1421 10
181 1362 282 1427 potens
303 1352 348 1422 sit,
363 1352 486 1421 efficere,
500 1361 532 1407 ut
546 1370 621 1409 unus
635 1353 670 1409 da
684 1353 780 1416 multis
793 1370 856 1409 esse
869 1352 966 1411 vides·

181 1459 244 1505 tur:
273 1449 349 1523 quod
373 1448 402 1505 in
431 1448 544 1519 Catulo,
566 1458 595 1505 et
621 1449 652 1506 iu
677 1459 767 1523 patre,
788 1458 817 1505 et
844 1449 873 1506 in
895 1448 965 1521 filio,

182 1544 314 1619 idemque
329 1545 358 1602 in
371 1545 411 1606 Q.
427 1544 529 1601 Mucio
544 1544 672 1617 Mancia,
687 1545 816 1602 vidimus.
855 1545 966 1603 Audivi

182 1660 217 1697 ex
230 1641 385 1717 majoribus
399 1652 478 1712 natu,
490 1641 545 1699 hoc
556 1642 631 1698 idem
643 1641 729 1699 fuisse
740 1642 769 1698 in
781 1642 811 1699 P.
825 1642 966 1716 Scipione

181 1736 307 1793 Nasici:
329 1747 494 1812 contraque,
516 1747 626 1813 patrem
648 1737 718 1813 ejus,
740 1738 829 1808 illum,
843 1737 892 1812 qui
914 1737 965 1795 Ti.

136 1844 167 1894 15
181 1833 307 1890 Gracchi
328 1844 448 1891 conatus
467 1834 594 1909 perditos
610 1833 775 1905 vindicavit,
792 1833 898 1891 nullam
917 1852 968 1890 co·

182 1929 309 1986 mitatem
323 1929 456 1986 habuisse
471 1930 624 1988 sermonis:
646 1948 683 1986 ne
696 1930 889 1987 Xenocratem
904 1930 967 2005 qui·

109 2096 111 2101 ,
182 2024 258 2097 dem,
285 2026 494 2083 severissimum
515 2025 760 2101 philosophorum,
783 2026 820 2082 ob
843 2043 966 2100 eamque

182 2140 241 2179 rem
257 2122 346 2197 ipsam
360 2141 494 2199 magnum
509 2122 674 2196 clarumque
695 2121 790 2178 fuisse.
831 2120 967 2178 Innume-

182 2219 287 2276 rabiles
301 2219 363 2276 nliae
377 2218 623 2275 dissimilitudines
640 2227 706 2274 sunt
718 2228 827 2275 naturae
841 2236 967 2275 morum·

136 2328 167 2377 20
182 2334 247 2390 que,
262 2314 380 2372 minime
393 2325 489 2371 tamen
503 2313 763 2389 vituperandorum.

221 2504 336 2563 XXXI.
358 2504 525 2562 Admodum
550 2515 643 2561 autem
667 2507 791 2564 tenenda
819 2517 885 2564 sunt
912 2525 968 2565 sus

181 2602 294 2674 cuique,
313 2618 371 2657 non
391 2599 502 2671 vitiosa,
524 2600 575 2657 sed
595 2610 690 2659 tamen
710 2603 834 2678 propria,
848 2621 906 2677 quo
926 2603 967 2660 fc-

181 2696 265 2754 cilius
279 2695 416 2753 decorum
437 2694 517 2767 illud,
532 2697 608 2773 quod
622 2698 784 2773 quaerimus,
798 2698 964 2757 retineatur.

181 2791 231 2849 Sic
252 2792 328 2848 enirn
349 2802 393 2849 est
418 2792 592 2876 faciendum,
613 2803 654 2865 ut,
676 2804 776 2850 contra
803 2794 967 2851 universam

135 2893 167 2943 25
181 2897 321 2959 naturam,
341 2888 412 2946 nihil
434 2890 658 2959 contendamus3
679 2890 714 2947 ea
734 2900 830 2948 tamen
850 2908 967 2948 conser-

180 2983 256 3055 vati,
270 2984 412 3059 propriam
432 2994 565 3043 naturam
585 3003 753 3061 sequamur;
775 2994 816 3057 nt,
831 2986 919 3043 etiam
939 2986 967 3043 si

181 3080 238 3139 siut
251 3079 308 3138 slis
320 3080 452 3158 graviora
466 3092 551 3157 atque
561 3080 689 3151 meliora,
698 3090 795 3138 tamen
806 3101 858 3140 nos
868 3082 969 3141 studia
