2167 3609
125 334 168 396 td
260 356 264 361 ·
466 343 510 392 ur:
529 343 674 393 ormcns.
886 341 961 407 [ut

172 493 218 553 sio
238 504 267 551 et
287 493 323 552 ed
344 492 401 553 huc
421 512 513 571 genus
534 493 706 571 castigandi,
728 513 793 552 raro
817 492 961 569 invitique

173 591 330 663 veniemus,
345 607 552 665 necunquam,
566 592 622 649 nisi
644 591 817 662 necessario,
832 592 856 647 si
878 591 962 648 nulla

173 688 330 763 reperietur
345 688 401 746 elia
414 688 567 745 medicina.
609 688 667 745 Sed
688 698 784 745 tamen
799 688 842 744 ira
854 686 958 763 procul

172 781 256 852 absit,
271 800 338 841 cum
351 784 408 859 qud
422 783 493 841 nihil
508 794 588 841 recte
597 784 670 857 fieri,
681 784 753 841 nihil
765 784 958 854 considerate,

142 889 275 959 upotest.
356 905 359 914 ¹

213 977 323 1055 Magni
334 988 428 1037 autem
438 987 529 1053 parte,
541 977 676 1035 clementi
687 977 877 1053 castigatione
887 976 960 1033 licet

173 1073 226 1146 uti,
241 1075 379 1151 gravitate
394 1085 490 1132 tamen
513 1073 659 1151 adjuncti,
673 1083 705 1130 ut
718 1084 747 1131 et
760 1073 896 1130 severitas
910 1071 960 1128 ad·

173 1170 316 1243 hibentur,
327 1180 357 1228 et
371 1170 547 1228 contumelia
556 1170 716 1246 repellatur.
757 1171 854 1244 Atque
870 1169 958 1225 etiam

174 1266 245 1323 illud
266 1267 368 1342 ipsum,
390 1266 467 1341 quod
488 1266 653 1323 acerbitatis
679 1267 765 1324 habet
784 1265 959 1341 objurgatio,

128 1368 160 1419 10
174 1362 394 1440 significandum
415 1372 468 1430 est,
489 1362 580 1438 ipsius
600 1363 698 1435 caueri,
712 1362 761 1438 qui
781 1363 958 1439 objurgetur,

175 1469 340 1535 susceptum
366 1477 438 1516 esse.
479 1458 608 1516 Rectum
627 1469 672 1517 est
696 1469 800 1528 autem,
821 1459 906 1516 etiam
928 1458 958 1515 in

175 1553 232 1613 illis
252 1555 484 1613 contentionibus
498 1575 562 1631 quaa
576 1574 643 1612 cum
658 1554 862 1613 inimicissimis
876 1554 959 1625 fiunt,

171 1651 299 1709 etiamsi
313 1652 397 1709 nobis
417 1651 536 1728 indigna
556 1653 714 1723 audiamus,
729 1662 824 1708 tamen
839 1651 961 1727 gravitu-

175 1756 233 1805 tem
253 1748 386 1815 retinere,
401 1747 580 1808 iracundiam
600 1748 746 1823 repellere.
785 1747 862 1808 Que
881 1747 959 1804 enim

130 1851 161 1902 15
175 1862 246 1903 cum.
264 1844 359 1919 aliqud
377 1845 593 1919 perturbatione
613 1844 695 1915 fiunt,
715 1862 771 1901 nec
794 1852 959 1900 constanter

174 1940 237 1998 lieri
259 1950 389 2016 possunt,
413 1957 469 1997 uec
492 1939 528 1997 ab
552 1940 598 2011 iis,
622 1939 671 2015 qui
700 1940 811 2007 adsunt,
834 1939 959 2015 probari.

112 2039 114 2044 '
175 2033 312 2094 Deforme
332 2036 418 2093 etiam
440 2045 493 2108 est,
508 2035 545 2093 de
564 2054 595 2092 se
617 2036 680 2110 ipso
700 2035 868 2111 predicare,
889 2034 961 2092 salse

174 2113 340 2208 pressam,
354 2142 393 2205 a,
408 2150 475 2190 cum
496 2132 629 2189 irrisione
649 2132 838 2203 audientium,
853 2130 958 2188 imum

175 2226 300 2288 Militem
314 2229 489 2286 Gloriosum.

129 2445 162 2497 20
214 2420 361 2478 XXXIX.
390 2421 438 2493 Et,
466 2421 602 2496 quoniam
629 2420 727 2478 omnia
752 2420 958 2495 persequimur,

175 2515 306 2573 volumus
320 2516 435 2590 quidem
450 2526 537 2588 certe,
552 2491 707 2574 dibendum
723 2526 767 2574 est
780 2516 878 2587 etiam,
892 2536 959 2591 qua·

175 2613 231 2671 lem
244 2611 371 2669 hominis
384 2611 516 2669 honorati
527 2623 556 2669 et
568 2613 708 2688 principis
718 2612 834 2670 domum
846 2612 959 2687 placeat

175 2723 256 2766 esse:
278 2708 360 2784 cujus
381 2708 446 2766 finis
464 2718 509 2765 eet
528 2728 614 2778 usus;
637 2709 671 2766 ad
692 2728 777 2784 quem
799 2728 960 2766 accommo-

176 2804 272 2862 danda
290 2817 334 2861 cet
354 2805 514 2867 edificandi
536 2806 708 2881 descripti03
740 2816 769 2862 et
791 2815 888 2862 tamen
914 2805 959 2862 ad·

129 2911 162 2964 25
175 2900 302 2958 bibenda
328 2901 476 2979 diguitatis
505 2903 773 2976 commoditatisque
800 2901 957 2977 diligentia

174 2994 231 3054 On.
252 2995 388 3068 Octavio,
402 2998 451 3073 qui
473 2998 582 3073 primus
600 3017 637 3056 ex
657 2998 707 3055 illt
728 2998 836 3055 familie
858 2998 958 3054 consul

175 3092 271 3154 fictus
290 3101 344 3164 oet,
362 3092 466 3151 bonuti
486 3092 576 3151 fuisse
599 3093 774 3169 mcepimus,
794 3092 872 3168 quud
891 3109 960 3169 pre·
