<?xml version="1.0" encoding="UTF-8"?>
<!DOCTYPE html PUBLIC "-//W3C//DTD XHTML 1.0 Transitional//EN"
    "http://www.w3.org/TR/xhtml1/DTD/xhtml1-transitional.dtd">
<html xmlns="http://www.w3.org/1999/xhtml" xml:lang="en" lang="en">
 <head>
  <title>
</title>
<meta http-equiv="Content-Type" content="text/html;charset=utf-8" />
  <meta name='ocr-system' content='tesseract 3.04.00' />
  <meta name='ocr-capabilities' content='ocr_page ocr_carea ocr_par ocr_line ocrx_word'/>
</head>
<body>
  <div class='ocr_page' id='page_1' title='image "./mtciceronisdeof01dillgoog/mtciceronisdeof01dillgoog_0023.png"; bbox 0 0 2167 3609; ppageno 0'>
   <div class='ocr_carea' id='block_1_1' title="bbox 21 315 936 411">
    <p class='ocr_par' dir='ltr' id='par_1_1' title="bbox 21 315 936 411">
     <span class='ocr_line' id='line_1_1' title="bbox 21 315 936 411; baseline -0.001 -11"><span class='ocrx_word' id='word_1_1' title='bbox 21 315 26 324; x_wconf 47' lang='lat'><strong><em>⁴</em></strong></span> <span class='ocrx_word' id='word_1_2' title='bbox 95 351 171 411; x_wconf 75' lang='lat' dir='ltr'>aa]</span> <span class='ocrx_word' id='word_1_3' title='bbox 399 350 442 398; x_wconf 84' lang='lat' dir='ltr'>m:</span> <span class='ocrx_word' id='word_1_4' title='bbox 462 350 608 399; x_wconf 82' lang='lat' dir='ltr'>ossrcns.</span> <span class='ocrx_word' id='word_1_5' title='bbox 900 342 936 401; x_wconf 83' lang='lat'>17</span> 
     </span>
    </p>
   </div>
   <div class='ocr_carea' id='block_1_2' title="bbox 96 500 890 772">
    <p class='ocr_par' dir='ltr' id='par_1_2' title="bbox 96 500 890 772">
     <span class='ocr_line' id='line_1_2' title="bbox 96 500 890 577; baseline -0.001 -18"><span class='ocrx_word' id='word_1_6' title='bbox 96 500 275 577; x_wconf 89' lang='lat' dir='ltr'>easdemque</span> <span class='ocrx_word' id='word_1_7' title='bbox 294 519 353 559; x_wconf 88' lang='lat' dir='ltr'>non</span> <span class='ocrx_word' id='word_1_8' title='bbox 374 502 569 560; x_wconf 86' lang='lat' dir='ltr'>necessarias:</span> <span class='ocrx_word' id='word_1_9' title='bbox 590 501 694 577; x_wconf 89' lang='lat' dir='ltr'>quibus</span> <span class='ocrx_word' id='word_1_10' title='bbox 707 502 784 559; x_wconf 84' lang='lat' dir='ltr'>vitiis</span> <span class='ocrx_word' id='word_1_11' title='bbox 802 500 890 559; x_wconf 89' lang='lat' dir='ltr'>decli·</span> 
     </span>
     <span class='ocr_line' id='line_1_3' title="bbox 97 597 888 676; baseline 0.001 -22"><span class='ocrx_word' id='word_1_12' title='bbox 97 597 185 669; x_wconf 89' lang='lat' dir='ltr'>natis,</span> <span class='ocrx_word' id='word_1_13' title='bbox 196 599 283 671; x_wconf 88' lang='lat' dir='ltr'>quod,</span> <span class='ocrx_word' id='word_1_14' title='bbox 294 599 322 654; x_wconf 90' lang='lat' dir='ltr'>in</span> <span class='ocrx_word' id='word_1_15' title='bbox 332 599 418 655; x_wconf 92' lang='lat' dir='ltr'>rebus</span> <span class='ocrx_word' id='word_1_16' title='bbox 429 599 557 656; x_wconf 81' lang='lat' dir='ltr'>honestis</span> <span class='ocrx_word' id='word_1_17' title='bbox 568 610 597 657; x_wconf 90' lang='lat' dir='ltr'>et</span> <span class='ocrx_word' id='word_1_18' title='bbox 607 600 774 676; x_wconf 78' lang='lat' dir='ltr'>cognitione</span> <span class='ocrx_word' id='word_1_19' title='bbox 783 598 888 674; x_wconf 80' lang='lat' dir='ltr'>dignis,</span> 
     </span>
     <span class='ocr_line' id='line_1_4' title="bbox 98 695 890 772; baseline 0.001 -22"><span class='ocrx_word' id='word_1_20' title='bbox 98 712 194 769; x_wconf 84' lang='lat' dir='ltr'>operae</span> <span class='ocrx_word' id='word_1_21' title='bbox 206 713 341 770; x_wconf 77' lang='lat' dir='ltr'>aureque</span> <span class='ocrx_word' id='word_1_22' title='bbox 354 706 486 770; x_wconf 86' lang='lat' dir='ltr'>ponetur,</span> <span class='ocrx_word' id='word_1_23' title='bbox 498 696 527 753; x_wconf 92' lang='lat' dir='ltr'>id</span> <span class='ocrx_word' id='word_1_24' title='bbox 538 697 603 772; x_wconf 85' lang='lat' dir='ltr'>jure</span> <span class='ocrx_word' id='word_1_25' title='bbox 614 695 776 754; x_wconf 82' lang='lat' dir='ltr'><strong>laudabitur</strong></span> <span class='ocrx_word' id='word_1_26' title='bbox 787 716 794 766; x_wconf 93' lang='lat'>;</span> <span class='ocrx_word' id='word_1_27' title='bbox 816 705 847 753; x_wconf 93' lang='lat' dir='ltr'>ut</span> <span class='ocrx_word' id='word_1_28' title='bbox 859 695 890 752; x_wconf 92' lang='lat' dir='ltr'>in</span> 
     </span>
    </p>
   </div>
   <div class='ocr_carea' id='block_1_3' title="bbox 9 790 890 869">
    <p class='ocr_par' dir='ltr' id='par_1_3' title="bbox 9 790 890 869">
     <span class='ocr_line' id='line_1_5' title="bbox 9 790 890 869; baseline 0.001 -22"><span class='ocrx_word' id='word_1_29' title='bbox 9 809 11 812; x_wconf 84' lang='lat'><em>·</em></span> <span class='ocrx_word' id='word_1_30' title='bbox 99 790 257 867; x_wconf 73' lang='lat' dir='ltr'>astrologiat</span> <span class='ocrx_word' id='word_1_31' title='bbox 268 791 302 849; x_wconf 83' lang='lat' dir='ltr'>G.</span> <span class='ocrx_word' id='word_1_32' title='bbox 315 792 477 866; x_wconf 86' lang='lat' dir='ltr'>Sulpicium</span> <span class='ocrx_word' id='word_1_33' title='bbox 489 792 668 862; x_wconf 84' lang='lat' dir='ltr'>audivimus;</span> <span class='ocrx_word' id='word_1_34' title='bbox 690 793 720 849; x_wconf 90' lang='lat' dir='ltr'>in</span> <span class='ocrx_word' id='word_1_35' title='bbox 730 790 890 869; x_wconf 67' lang='lat' dir='ltr'>geometria</span> 
     </span>
    </p>
   </div>
   <div class='ocr_carea' id='block_1_4' title="bbox 99 886 936 2197">
    <p class='ocr_par' dir='ltr' id='par_1_4' title="bbox 99 886 936 2197">
     <span class='ocr_line' id='line_1_6' title="bbox 100 886 921 963; baseline 0 -21"><span class='ocrx_word' id='word_1_36' title='bbox 100 886 168 943; x_wconf 85' lang='lat' dir='ltr'>Sex.</span> <span class='ocrx_word' id='word_1_37' title='bbox 183 886 355 962; x_wconf 89' lang='lat' dir='ltr'>Pompeium</span> <span class='ocrx_word' id='word_1_38' title='bbox 370 887 424 961; x_wconf 93' lang='lat' dir='ltr'>ipsi</span> <span class='ocrx_word' id='word_1_39' title='bbox 440 888 647 963; x_wconf 80' lang='lat' dir='ltr'>cognovimus3</span> <span class='ocrx_word' id='word_1_40' title='bbox 668 889 772 946; x_wconf 88' lang='lat' dir='ltr'>multos</span> <span class='ocrx_word' id='word_1_41' title='bbox 786 889 816 945; x_wconf 90' lang='lat' dir='ltr'>in</span> <span class='ocrx_word' id='word_1_42' title='bbox 830 887 921 945; x_wconf 86' lang='lat' dir='ltr'>dia-5</span> 
     </span>
     <span class='ocr_line' id='line_1_7' title="bbox 99 981 889 1059; baseline 0.004 -21"><span class='ocrx_word' id='word_1_43' title='bbox 99 981 224 1053; x_wconf 76' lang='lat' dir='ltr'><strong>lecticis,</strong></span> <span class='ocrx_word' id='word_1_44' title='bbox 238 983 336 1057; x_wconf 90' lang='lat' dir='ltr'>plures</span> <span class='ocrx_word' id='word_1_45' title='bbox 358 983 388 1040; x_wconf 90' lang='lat' dir='ltr'>in</span> <span class='ocrx_word' id='word_1_46' title='bbox 406 984 471 1059; x_wconf 87' lang='lat' dir='ltr'>jure</span> <span class='ocrx_word' id='word_1_47' title='bbox 494 983 589 1041; x_wconf 81' lang='lat' dir='ltr'>civili:</span> <span class='ocrx_word' id='word_1_48' title='bbox 611 1004 674 1058; x_wconf 78' lang='lat' dir='ltr'>quae</span> <span class='ocrx_word' id='word_1_49' title='bbox 695 1003 796 1041; x_wconf 86' lang='lat' dir='ltr'>omnes</span> <span class='ocrx_word' id='word_1_50' title='bbox 815 998 889 1041; x_wconf 83' lang='lat' dir='ltr'>artes</span> 
     </span>
     <span class='ocr_line' id='line_1_8' title="bbox 101 1077 891 1157; baseline 0.004 -23"><span class='ocrx_word' id='word_1_51' title='bbox 101 1077 134 1134; x_wconf 91' lang='lat' dir='ltr'>in</span> <span class='ocrx_word' id='word_1_52' title='bbox 148 1079 206 1135; x_wconf 87' lang='lat' dir='ltr'>veri</span> <span class='ocrx_word' id='word_1_53' title='bbox 227 1079 449 1156; x_wconf 83' lang='lat' dir='ltr'>investigatione</span> <span class='ocrx_word' id='word_1_54' title='bbox 469 1090 638 1151; x_wconf 87' lang='lat' dir='ltr'>versantur;</span> <span class='ocrx_word' id='word_1_55' title='bbox 660 1081 742 1157; x_wconf 81' lang='lat' dir='ltr'>cujus</span> <span class='ocrx_word' id='word_1_56' title='bbox 762 1080 891 1138; x_wconf 90' lang='lat' dir='ltr'>studioa</span> 
     </span>
     <span class='ocr_line' id='line_1_9' title="bbox 100 1176 890 1252; baseline 0.001 -21"><span class='ocrx_word' id='word_1_57' title='bbox 100 1176 188 1231; x_wconf 85' lang='lat' dir='ltr'>rebus</span> <span class='ocrx_word' id='word_1_58' title='bbox 201 1176 336 1252; x_wconf 75' lang='lat' dir='ltr'>gerendis</span> <span class='ocrx_word' id='word_1_59' title='bbox 351 1176 467 1248; x_wconf 85' lang='lat' dir='ltr'>abduci,</span> <span class='ocrx_word' id='word_1_60' title='bbox 479 1188 583 1234; x_wconf 89' lang='lat' dir='ltr'>contra</span> <span class='ocrx_word' id='word_1_61' title='bbox 596 1177 724 1234; x_wconf 90' lang='lat' dir='ltr'>officium</span> <span class='ocrx_word' id='word_1_62' title='bbox 737 1186 789 1233; x_wconf 90' lang='lat' dir='ltr'>est.</span> <span class='ocrx_word' id='word_1_63' title='bbox 824 1176 890 1233; x_wconf 84' lang='lat' dir='ltr'>Vir·</span> 
     </span>
     <span class='ocr_line' id='line_1_10' title="bbox 99 1272 890 1347; baseline 0.004 -20"><span class='ocrx_word' id='word_1_64' title='bbox 99 1272 171 1328; x_wconf 91' lang='lat' dir='ltr'>tutis</span> <span class='ocrx_word' id='word_1_65' title='bbox 184 1273 263 1328; x_wconf 91' lang='lat' dir='ltr'>enim</span> <span class='ocrx_word' id='word_1_66' title='bbox 277 1273 340 1329; x_wconf 90' lang='lat' dir='ltr'>laus</span> <span class='ocrx_word' id='word_1_67' title='bbox 353 1273 447 1330; x_wconf 91' lang='lat' dir='ltr'>omnis</span> <span class='ocrx_word' id='word_1_68' title='bbox 462 1273 491 1330; x_wconf 92' lang='lat' dir='ltr'>in</span> <span class='ocrx_word' id='word_1_69' title='bbox 507 1274 620 1330; x_wconf 87' lang='lat' dir='ltr'>actione</span> <span class='ocrx_word' id='word_1_70' title='bbox 631 1274 779 1330; x_wconf 89' lang='lat' dir='ltr'>consistit:</span> <span class='ocrx_word' id='word_1_71' title='bbox 802 1292 819 1330; x_wconf 90' lang='lat' dir='ltr'>a</span> <span class='ocrx_word' id='word_1_72' title='bbox 832 1272 890 1347; x_wconf 66' lang='lat' dir='ltr'>qua</span> 
     </span>
     <span class='ocr_line' id='line_1_11' title="bbox 99 1369 936 1445; baseline 0.005 -21"><span class='ocrx_word' id='word_1_73' title='bbox 99 1378 198 1425; x_wconf 86' lang='lat' dir='ltr'>tamen</span> <span class='ocrx_word' id='word_1_74' title='bbox 219 1388 294 1443; x_wconf 80' lang='lat' dir='ltr'>saepe</span> <span class='ocrx_word' id='word_1_75' title='bbox 312 1370 345 1425; x_wconf 86' lang='lat' dir='ltr'>fit</span> <span class='ocrx_word' id='word_1_76' title='bbox 366 1369 550 1440; x_wconf 80' lang='lat' dir='ltr'>intermissio,</span> <span class='ocrx_word' id='word_1_77' title='bbox 565 1370 704 1445; x_wconf 93' lang='lat' dir='ltr'>multique</span> <span class='ocrx_word' id='word_1_78' title='bbox 726 1371 829 1427; x_wconf 89' lang='lat' dir='ltr'>dantur</span> <span class='ocrx_word' id='word_1_79' title='bbox 853 1370 936 1428; x_wconf 83' lang='lat' dir='ltr'>adro</span> 
     </span>
     <span class='ocr_line' id='line_1_12' title="bbox 99 1466 889 1541; baseline 0.001 -19"><span class='ocrx_word' id='word_1_80' title='bbox 99 1466 197 1522; x_wconf 88' lang='lat' dir='ltr'>studia</span> <span class='ocrx_word' id='word_1_81' title='bbox 216 1466 344 1523; x_wconf 90' lang='lat' dir='ltr'>reditus:</span> <span class='ocrx_word' id='word_1_82' title='bbox 372 1475 433 1522; x_wconf 90' lang='lat' dir='ltr'>tum</span> <span class='ocrx_word' id='word_1_83' title='bbox 455 1466 573 1541; x_wconf 81' lang='lat' dir='ltr'>agitatio</span> <span class='ocrx_word' id='word_1_84' title='bbox 594 1467 708 1539; x_wconf 89' lang='lat' dir='ltr'>mentis,</span> <span class='ocrx_word' id='word_1_85' title='bbox 730 1486 792 1541; x_wconf 75' lang='lat' dir='ltr'>quar</span> <span class='ocrx_word' id='word_1_86' title='bbox 816 1486 889 1524; x_wconf 91' lang='lat' dir='ltr'>nun-</span> 
     </span>
     <span class='ocr_line' id='line_1_13' title="bbox 99 1562 890 1639; baseline 0 -21"><span class='ocrx_word' id='word_1_87' title='bbox 99 1581 187 1636; x_wconf 91' lang='lat' dir='ltr'>quam</span> <span class='ocrx_word' id='word_1_88' title='bbox 210 1562 377 1637; x_wconf 79' lang='lat' dir='ltr'>acquiescit,</span> <span class='ocrx_word' id='word_1_89' title='bbox 391 1572 487 1637; x_wconf 89' lang='lat' dir='ltr'>potest</span> <span class='ocrx_word' id='word_1_90' title='bbox 506 1581 561 1619; x_wconf 90' lang='lat' dir='ltr'>nos</span> <span class='ocrx_word' id='word_1_91' title='bbox 579 1562 608 1619; x_wconf 91' lang='lat' dir='ltr'>in</span> <span class='ocrx_word' id='word_1_92' title='bbox 624 1563 726 1619; x_wconf 90' lang='lat' dir='ltr'>studiis</span> <span class='ocrx_word' id='word_1_93' title='bbox 740 1562 890 1639; x_wconf 88' lang='lat' dir='ltr'>cogitatio·</span> 
     </span>
     <span class='ocr_line' id='line_1_14' title="bbox 99 1657 889 1732; baseline -0.001 -18"><span class='ocrx_word' id='word_1_94' title='bbox 99 1658 156 1729; x_wconf 90' lang='lat' dir='ltr'>nis,</span> <span class='ocrx_word' id='word_1_95' title='bbox 171 1657 259 1714; x_wconf 85' lang='lat' dir='ltr'>etiam</span> <span class='ocrx_word' id='word_1_96' title='bbox 273 1658 337 1714; x_wconf 89' lang='lat' dir='ltr'>sine</span> <span class='ocrx_word' id='word_1_97' title='bbox 359 1657 446 1732; x_wconf 69' lang='lat' dir='ltr'>opert</span> <span class='ocrx_word' id='word_1_98' title='bbox 460 1659 570 1730; x_wconf 76' lang='lat' dir='ltr'>nostrat,</span> <span class='ocrx_word' id='word_1_99' title='bbox 586 1659 743 1715; x_wconf 87' lang='lat' dir='ltr'>continere.</span> <span class='ocrx_word' id='word_1_100' title='bbox 785 1657 889 1714; x_wconf 88' lang='lat' dir='ltr'>Omnis</span> 
     </span>
     <span class='ocr_line' id='line_1_15' title="bbox 100 1752 889 1830; baseline -0.001 -20"><span class='ocrx_word' id='word_1_101' title='bbox 100 1763 198 1811; x_wconf 87' lang='lat' dir='ltr'>autem</span> <span class='ocrx_word' id='word_1_102' title='bbox 213 1754 360 1830; x_wconf 87' lang='lat' dir='ltr'>cogitatio,</span> <span class='ocrx_word' id='word_1_103' title='bbox 375 1764 526 1828; x_wconf 89' lang='lat' dir='ltr'>motusque</span> <span class='ocrx_word' id='word_1_104' title='bbox 541 1754 639 1825; x_wconf 91' lang='lat' dir='ltr'>animi,</span> <span class='ocrx_word' id='word_1_105' title='bbox 655 1755 745 1811; x_wconf 89' lang='lat' dir='ltr'>autin</span> <span class='ocrx_word' id='word_1_106' title='bbox 759 1752 889 1810; x_wconf 86' lang='lat' dir='ltr'>consiliis</span> 
     </span>
     <span class='ocr_line' id='line_1_16' title="bbox 100 1849 936 1925; baseline 0.002 -19"><span class='ocrx_word' id='word_1_107' title='bbox 100 1849 250 1925; x_wconf 85' lang='lat' dir='ltr'>capiendis</span> <span class='ocrx_word' id='word_1_108' title='bbox 270 1850 307 1906; x_wconf 91' lang='lat' dir='ltr'>de</span> <span class='ocrx_word' id='word_1_109' title='bbox 327 1850 413 1906; x_wconf 88' lang='lat' dir='ltr'>rebus</span> <span class='ocrx_word' id='word_1_110' title='bbox 434 1850 571 1923; x_wconf 90' lang='lat' dir='ltr'>honestis,</span> <span class='ocrx_word' id='word_1_111' title='bbox 588 1860 617 1906; x_wconf 90' lang='lat' dir='ltr'>et</span> <span class='ocrx_word' id='word_1_112' title='bbox 630 1850 838 1925; x_wconf 87' lang='lat' dir='ltr'>pertinentibus</span> <span class='ocrx_word' id='word_1_113' title='bbox 853 1849 888 1906; x_wconf 88' lang='lat' dir='ltr'>ad</span> <span class='ocrx_word' id='word_1_114' title='bbox 904 1860 936 1909; x_wconf 86' lang='lat'>15</span> 
     </span>
     <span class='ocr_line' id='line_1_17' title="bbox 100 1946 889 2024; baseline 0.001 -21"><span class='ocrx_word' id='word_1_115' title='bbox 100 1947 176 2003; x_wconf 86' lang='lat' dir='ltr'>bene</span> <span class='ocrx_word' id='word_1_116' title='bbox 196 1947 337 2021; x_wconf 84' lang='lat' dir='ltr'>beateque</span> <span class='ocrx_word' id='word_1_117' title='bbox 350 1946 513 2024; x_wconf 65' lang='lat' dir='ltr'>uiuendum,</span> <span class='ocrx_word' id='word_1_118' title='bbox 529 1947 622 2004; x_wconf 90' lang='lat' dir='ltr'>autin</span> <span class='ocrx_word' id='word_1_119' title='bbox 637 1947 739 2004; x_wconf 85' lang='lat' dir='ltr'>studiis</span> <span class='ocrx_word' id='word_1_120' title='bbox 761 1947 889 2004; x_wconf 86' lang='lat' dir='ltr'>scientiae</span> 
     </span>
     <span class='ocr_line' id='line_1_18' title="bbox 101 2027 889 2118; baseline 0 -19"><span class='ocrx_word' id='word_1_121' title='bbox 101 2027 334 2117; x_wconf 79' lang='lat' dir='ltr'>cognitionisque</span> <span class='ocrx_word' id='word_1_122' title='bbox 355 2052 490 2099; x_wconf 86' lang='lat' dir='ltr'>versatur.</span> <span class='ocrx_word' id='word_1_123' title='bbox 533 2043 581 2099; x_wconf 91' lang='lat' dir='ltr'>Ac</span> <span class='ocrx_word' id='word_1_124' title='bbox 603 2043 639 2099; x_wconf 90' lang='lat' dir='ltr'>de</span> <span class='ocrx_word' id='word_1_125' title='bbox 660 2043 755 2118; x_wconf 83' lang='lat' dir='ltr'>primo</span> <span class='ocrx_word' id='word_1_126' title='bbox 773 2043 889 2117; x_wconf 88' lang='lat' dir='ltr'>quidem</span> 
     </span>
     <span class='ocr_line' id='line_1_19' title="bbox 99 2138 428 2197; baseline 0.003 -1"><span class='ocrx_word' id='word_1_127' title='bbox 99 2138 188 2196; x_wconf 85' lang='lat' dir='ltr'>officii</span> <span class='ocrx_word' id='word_1_128' title='bbox 203 2139 281 2195; x_wconf 87' lang='lat' dir='ltr'>lonte</span> <span class='ocrx_word' id='word_1_129' title='bbox 296 2138 428 2197; x_wconf 80' lang='lat' dir='ltr'>diximus.</span> 
     </span>
    </p>
   </div>
   <div class='ocr_carea' id='block_1_5' title="bbox 99 2331 890 2407">
    <p class='ocr_par' dir='ltr' id='par_1_5' title="bbox 99 2331 890 2407">
     <span class='ocr_line' id='line_1_20' title="bbox 99 2331 890 2407; baseline -0.003 -16"><span class='ocrx_word' id='word_1_130' title='bbox 99 2385 102 2391; x_wconf 90' lang='lat'>.</span> <span class='ocrx_word' id='word_1_131' title='bbox 139 2331 207 2389; x_wconf 88' lang='lat' dir='ltr'>VIL</span> <span class='ocrx_word' id='word_1_132' title='bbox 237 2331 284 2389; x_wconf 91' lang='lat' dir='ltr'>De</span> <span class='ocrx_word' id='word_1_133' title='bbox 297 2332 389 2390; x_wconf 91' lang='lat' dir='ltr'>tribus</span> <span class='ocrx_word' id='word_1_134' title='bbox 412 2343 509 2389; x_wconf 88' lang='lat' dir='ltr'>autem</span> <span class='ocrx_word' id='word_1_135' title='bbox 526 2331 646 2407; x_wconf 87' lang='lat' dir='ltr'>reliquis</span> <span class='ocrx_word' id='word_1_136' title='bbox 660 2332 799 2390; x_wconf 89' lang='lat' dir='ltr'>latissime</span> <span class='ocrx_word' id='word_1_137' title='bbox 812 2341 890 2406; x_wconf 89' lang='lat' dir='ltr'>patet</span> 
     </span>
    </p>
   </div>
   <div class='ocr_carea' id='block_1_6' title="bbox 11 2428 936 2503">
    <p class='ocr_par' dir='ltr' id='par_1_6' title="bbox 11 2428 936 2503">
     <span class='ocr_line' id='line_1_21' title="bbox 11 2428 936 2503; baseline 0.003 -20"><span class='ocrx_word' id='word_1_138' title='bbox 11 2459 19 2483; x_wconf 60' lang='lat' dir='ltr'>r</span> <span class='ocrx_word' id='word_1_139' title='bbox 99 2448 136 2486; x_wconf 92' lang='lat' dir='ltr'>ea</span> <span class='ocrx_word' id='word_1_140' title='bbox 158 2429 244 2500; x_wconf 89' lang='lat' dir='ltr'>ratio,</span> <span class='ocrx_word' id='word_1_141' title='bbox 259 2429 317 2502; x_wconf 75' lang='lat' dir='ltr'>qud</span> <span class='ocrx_word' id='word_1_142' title='bbox 338 2430 462 2487; x_wconf 88' lang='lat' dir='ltr'>societas</span> <span class='ocrx_word' id='word_1_143' title='bbox 484 2428 632 2487; x_wconf 85' lang='lat' dir='ltr'>hominum</span> <span class='ocrx_word' id='word_1_144' title='bbox 656 2429 730 2486; x_wconf 90' lang='lat' dir='ltr'>inter</span> <span class='ocrx_word' id='word_1_145' title='bbox 753 2429 837 2503; x_wconf 88' lang='lat' dir='ltr'>ipsos,</span> <span class='ocrx_word' id='word_1_146' title='bbox 860 2439 888 2486; x_wconf 88' lang='lat' dir='ltr'>et</span> <span class='ocrx_word' id='word_1_147' title='bbox 904 2442 936 2493; x_wconf 72' lang='lat'>20</span> 
     </span>
    </p>
   </div>
   <div class='ocr_carea' id='block_1_7' title="bbox 97 2525 937 3257">
    <p class='ocr_par' dir='ltr' id='par_1_7' title="bbox 97 2525 937 3257">
     <span class='ocr_line' id='line_1_22' title="bbox 99 2525 890 2602; baseline 0.001 -20"><span class='ocrx_word' id='word_1_148' title='bbox 99 2525 165 2582; x_wconf 82' lang='lat' dir='ltr'>vitae</span> <span class='ocrx_word' id='word_1_149' title='bbox 180 2525 262 2599; x_wconf 89' lang='lat' dir='ltr'>quasi</span> <span class='ocrx_word' id='word_1_150' title='bbox 277 2525 480 2597; x_wconf 88' lang='lat' dir='ltr'>communitas,</span> <span class='ocrx_word' id='word_1_151' title='bbox 496 2525 677 2583; x_wconf 88' lang='lat' dir='ltr'>continetur:</span> <span class='ocrx_word' id='word_1_152' title='bbox 700 2526 782 2602; x_wconf 88' lang='lat' dir='ltr'>cujus</span> <span class='ocrx_word' id='word_1_153' title='bbox 794 2537 890 2602; x_wconf 88' lang='lat' dir='ltr'>partes</span> 
     </span>
     <span class='ocr_line' id='line_1_23' title="bbox 101 2615 890 2698; baseline 0.003 -21"><span class='ocrx_word' id='word_1_154' title='bbox 101 2621 164 2679; x_wconf 81' lang='lat' dir='ltr'>duae</span> <span class='ocrx_word' id='word_1_155' title='bbox 189 2615 414 2697; x_wconf 43' lang='lat' dir='ltr'>sunt3&#39;justitia,</span> <span class='ocrx_word' id='word_1_156' title='bbox 429 2621 459 2678; x_wconf 89' lang='lat' dir='ltr'>in</span> <span class='ocrx_word' id='word_1_157' title='bbox 480 2623 536 2697; x_wconf 67' lang='lat' dir='ltr'>qula</span> <span class='ocrx_word' id='word_1_158' title='bbox 555 2623 667 2680; x_wconf 85' lang='lat' dir='ltr'>virtutis</span> <span class='ocrx_word' id='word_1_159' title='bbox 691 2624 823 2698; x_wconf 89' lang='lat' dir='ltr'>splendor</span> <span class='ocrx_word' id='word_1_160' title='bbox 846 2633 890 2680; x_wconf 87' lang='lat' dir='ltr'>est</span> 
     </span>
     <span class='ocr_line' id='line_1_24' title="bbox 99 2717 890 2793; baseline 0.003 -19"><span class='ocrx_word' id='word_1_161' title='bbox 99 2718 261 2787; x_wconf 79' lang='lat' dir='ltr'>maximus3</span> <span class='ocrx_word' id='word_1_162' title='bbox 283 2737 319 2774; x_wconf 84' lang='lat' dir='ltr'>ex</span> <span class='ocrx_word' id='word_1_163' title='bbox 331 2717 389 2793; x_wconf 72' lang='lat' dir='ltr'>qud</span> <span class='ocrx_word' id='word_1_164' title='bbox 404 2719 472 2775; x_wconf 88' lang='lat' dir='ltr'>boni</span> <span class='ocrx_word' id='word_1_165' title='bbox 486 2719 538 2775; x_wconf 86' lang='lat' dir='ltr'>viri</span> <span class='ocrx_word' id='word_1_166' title='bbox 553 2720 737 2776; x_wconf 88' lang='lat' dir='ltr'>nominantur</span> <span class='ocrx_word' id='word_1_167' title='bbox 746 2740 753 2788; x_wconf 91' lang='lat'>;</span> <span class='ocrx_word' id='word_1_168' title='bbox 775 2730 803 2776; x_wconf 92' lang='lat' dir='ltr'>et</span> <span class='ocrx_word' id='word_1_169' title='bbox 822 2719 890 2777; x_wconf 91' lang='lat' dir='ltr'>huic</span> 
     </span>
     <span class='ocr_line' id='line_1_25' title="bbox 101 2814 890 2892; baseline 0.003 -22"><span class='ocrx_word' id='word_1_170' title='bbox 101 2815 260 2889; x_wconf 84' lang='lat' dir='ltr'>conjuncta</span> <span class='ocrx_word' id='word_1_171' title='bbox 280 2814 481 2886; x_wconf 86' lang='lat' dir='ltr'>beneficentia,</span> <span class='ocrx_word' id='word_1_172' title='bbox 497 2835 582 2889; x_wconf 89' lang='lat' dir='ltr'>quam</span> <span class='ocrx_word' id='word_1_173' title='bbox 598 2816 718 2874; x_wconf 88' lang='lat' dir='ltr'>eandem</span> <span class='ocrx_word' id='word_1_174' title='bbox 733 2816 776 2871; x_wconf 88' lang='lat' dir='ltr'>vel</span> <span class='ocrx_word' id='word_1_175' title='bbox 792 2815 890 2892; x_wconf 89' lang='lat' dir='ltr'>benig-</span> 
     </span>
     <span class='ocr_line' id='line_1_26' title="bbox 100 2909 937 2987; baseline 0.001 -22"><span class='ocrx_word' id='word_1_176' title='bbox 100 2909 222 2966; x_wconf 88' lang='lat' dir='ltr'>nitatem</span> <span class='ocrx_word' id='word_1_177' title='bbox 248 2910 294 2967; x_wconf 76' lang='lat' dir='ltr'>nel</span> <span class='ocrx_word' id='word_1_178' title='bbox 321 2909 522 2969; x_wconf 86' lang='lat' dir='ltr'>liberalitatem</span> <span class='ocrx_word' id='word_1_179' title='bbox 551 2912 686 2987; x_wconf 88' lang='lat' dir='ltr'>appellari</span> <span class='ocrx_word' id='word_1_180' title='bbox 712 2912 789 2968; x_wconf 88' lang='lat' dir='ltr'>licet.</span> <span class='ocrx_word' id='word_1_181' title='bbox 831 2911 889 2968; x_wconf 88' lang='lat' dir='ltr'>Sed</span> <span class='ocrx_word' id='word_1_182' title='bbox 904 2916 937 2965; x_wconf 76' lang='lat'>25</span> 
     </span>
     <span class='ocr_line' id='line_1_27' title="bbox 97 3004 889 3082; baseline 0.003 -21"><span class='ocrx_word' id='word_1_183' title='bbox 97 3004 217 3081; x_wconf 74' lang='lat' dir='ltr'>justitie</span> <span class='ocrx_word' id='word_1_184' title='bbox 231 3006 356 3082; x_wconf 90' lang='lat' dir='ltr'>primum</span> <span class='ocrx_word' id='word_1_185' title='bbox 368 3026 471 3066; x_wconf 90' lang='lat' dir='ltr'>munus</span> <span class='ocrx_word' id='word_1_186' title='bbox 482 3018 536 3079; x_wconf 90' lang='lat' dir='ltr'>est,</span> <span class='ocrx_word' id='word_1_187' title='bbox 548 3018 579 3064; x_wconf 88' lang='lat' dir='ltr'>ut</span> <span class='ocrx_word' id='word_1_188' title='bbox 592 3027 629 3063; x_wconf 90' lang='lat' dir='ltr'>ne</span> <span class='ocrx_word' id='word_1_189' title='bbox 641 3007 688 3064; x_wconf 88' lang='lat' dir='ltr'>cui</span> <span class='ocrx_word' id='word_1_190' title='bbox 699 3008 762 3081; x_wconf 90' lang='lat' dir='ltr'>quis</span> <span class='ocrx_word' id='word_1_191' title='bbox 776 3017 889 3077; x_wconf 88' lang='lat' dir='ltr'>noceat,</span> 
     </span>
     <span class='ocr_line' id='line_1_28' title="bbox 99 3102 891 3181; baseline -0.003 -21"><span class='ocrx_word' id='word_1_192' title='bbox 99 3102 156 3160; x_wconf 82' lang='lat' dir='ltr'>nisi</span> <span class='ocrx_word' id='word_1_193' title='bbox 178 3102 332 3162; x_wconf 88' lang='lat' dir='ltr'>lacessitus</span> <span class='ocrx_word' id='word_1_194' title='bbox 352 3104 474 3181; x_wconf 77' lang='lat' dir='ltr'>injurirl3</span> <span class='ocrx_word' id='word_1_195' title='bbox 496 3104 612 3177; x_wconf 83' lang='lat' dir='ltr'>deiude,</span> <span class='ocrx_word' id='word_1_196' title='bbox 636 3111 669 3160; x_wconf 92' lang='lat' dir='ltr'>ut</span> <span class='ocrx_word' id='word_1_197' title='bbox 690 3102 891 3163; x_wconf 87' lang='lat' dir='ltr'>communibus</span> 
     </span>
     <span class='ocr_line' id='line_1_29' title="bbox 296 3200 678 3257; baseline 0.003 0"><span class='ocrx_word' id='word_1_198' title='bbox 296 3200 345 3257; x_wconf 68' lang='lat'>2*</span> <span class='ocrx_word' id='word_1_199' title='bbox 676 3215 678 3218; x_wconf 87' lang='grc'><strong><em>·</em></strong></span> 
     </span>
    </p>
   </div>
   <div class='ocr_carea' id='block_1_8' title="bbox 0 0 1095 3609">
    <p class='ocr_par' dir='ltr' id='par_1_8' title="bbox 0 0 1095 3609">
     <span class='ocr_line' id='line_1_30' title="bbox 0 0 1095 3609; baseline 0 0"><span class='ocrx_word' id='word_1_200' title='bbox 0 0 1095 3609; x_wconf 95' lang='lat' dir='ltr'> </span> 
     </span>
    </p>
   </div>
  </div>
 </body>
</html>
