2167 3609
107 361 136 407 n.
146 362 180 423 1·]
406 343 449 413 nn
469 366 616 415 onrrcne
907 335 948 418 '0²7

107 521 154 568 est
175 530 287 585 eorum,
302 515 362 590 qui,
378 526 427 574 aut
444 515 612 575 excellentis
630 515 740 594 ingenii
759 514 901 593 magnitu-

106 608 189 681 diue,
213 622 262 668 aut
289 612 428 687 preclara
456 612 618 671 eruditione
646 623 730 688 atque
755 611 899 685 donnini,

109 716 160 764 aut
174 707 297 783 utraque
311 727 343 766 re
357 711 462 782 ornati,
473 710 596 785 spatium
607 709 785 768 deliberandi
795 710 902 766 habue-

107 813 188 873 runt,
200 822 285 877 quem
295 805 475 880 potissimum
487 806 550 863 vitae
562 824 677 864 cursum
688 806 767 881 sequi
778 806 900 863 vellent:

108 900 139 956 iu
155 901 212 975 qud
228 901 446 975 deliberatione,
462 903 498 961 ad
512 922 593 961 suam
608 903 746 980 cujusque
766 909 932 961 naturam5

108 997 266 1055 consilium
281 1008 324 1055 est
339 1018 423 1058 omne
437 999 638 1058 revocandum.
679 998 709 1055 N
711 1017 767 1070 am,
782 1017 859 1070 cum,
870 998 901 1056 in

108 1094 245 1151 omnibus
260 1114 324 1169 quae
339 1106 472 1172 aguntur,
487 1116 522 1154 ex
544 1114 580 1154 eo
601 1096 688 1153 modo
707 1113 764 1170 quo
781 1095 901 1171 quisque

109 1200 264 1262 natusest,
282 1192 328 1268 (ut
348 1212 434 1267 supra
448 1193 630 1273 dictumest)
646 1193 714 1267 quid
728 1192 840 1263 deceat,
855 1210 903 1249 ex·

109 1288 269 1362 quirimus;
290 1299 351 1346 tum
374 1290 404 1347 in
424 1290 486 1346 total
508 1290 566 1346 vitai
583 1287 795 1359 constituendi,
810 1288 901 1346 multo

107 1395 153 1441 est
175 1404 247 1442 cura
268 1385 357 1462 major
380 1386 552 1457 adhibenda,
573 1397 605 1443 ut
627 1396 759 1443 constare
781 1385 811 1441 in
835 1384 899 1441 vitae
915 1393 946 1444 1⁰

108 1481 303 1557 perpetuitate
317 1482 461 1557 possimus
474 1483 618 1539 nobismet
632 1481 711 1558 ipsis,
726 1500 782 1538 nec
796 1480 826 1538 in
839 1480 900 1540 ullo

108 1578 207 1635 officio
223 1577 396 1636 claudicare.

149 1673 198 1730 Ad
221 1675 308 1731 hanc·
321 1686 415 1732 autem
429 1674 582 1746 rationem,
596 1674 732 1750 quoniam
747 1673 900 1731 maximam

109 1769 169 1826 vim
189 1780 294 1827 natura
314 1770 411 1842 habet,
426 1770 542 1829 fortuna
558 1769 731 1848 proximam3
752 1770 900 1845 utriusque

109 1866 231 1923 omnino
252 1867 327 1924 ratio
350 1866 484 1926 habenda
506 1877 551 1925 est
571 1868 602 1926 in
622 1868 775 1945 deligendo
794 1885 900 1944 genere
916 1867 946 1918 15

109 1962 192 2033 vitae3
216 1962 266 2019 aed
287 1971 397 2020 naturae
416 1964 523 2042 magis:
544 1963 635 2022 multo
654 1963 776 2021 enimet
792 1964 900 2021 firmior

109 2069 164 2130 est,
179 2068 210 2116 et
224 2060 421 2130 constantien
443 2070 475 2117 ut
488 2059 603 2118 fortuna
612 2079 827 2135 nonnunquam,
839 2070 900 2117 tau·

109 2174 198 2231 quam
218 2156 281 2231 ipsa
298 2156 436 2227 mortalis,
451 2175 518 2214 oum
538 2156 691 2213 immortali
708 2157 809 2212 naturd
830 2174 901 2232 pug-

109 2271 181 2310 nare
203 2252 342 2316 videatur.
383 2252 446 2313 Qui
469 2252 557 2329 igitur
579 2252 614 2309 ad
637 2255 745 2308 uaturae
763 2270 822 2308 euae
840 2269 899 2307 uon

109 2350 221 2407 vitrosae
236 2368 328 2426 genus
343 2349 496 2407 consilium
510 2347 624 2405 vivendi
637 2365 722 2405 omne
737 2345 899 2418 contulerit,
915 2354 947 2404 2⁰

109 2446 135 2503 is
155 2445 348 2504 constantiam
367 2455 464 2502 teneat
480 2445 522 2521 (id
545 2444 622 2502 enim
646 2443 769 2500 maxime
790 2442 900 2521 decet),

108 2541 166 2599 nisi
195 2541 267 2598 sorte
296 2557 326 2598 se
355 2541 527 2598 intellexerit
557 2541 667 2598 eruisse
692 2540 722 2597 iu
746 2539 899 2616 deligendo

108 2656 218 2715 genere
239 2638 313 2696 vitae.
354 2637 492 2700 Quodsi
514 2638 653 2696 acciderit
676 2637 782 2713 (potest
804 2646 900 2693 autem

110 2735 272 2815 accidere),
288 2734 422 2793 facienda
435 2753 548 2792 morum
570 2735 821 2807 institutorumque
839 2750 902 2789 mu-

108 2831 181 2890 tatio
205 2841 258 2888 est.
300 2831 374 2889 Eam
396 2831 596 2904 mutationem,
618 2831 643 2888 si
669 2841 798 2905 tempora
822 2830 901 2909 adju·
914 2838 947 2905 25

108 2928 228 2999 nabunt,
258 2927 373 2985 facilius
403 2927 637 3001 commodiusque
668 2925 825 2984 faciemus:
854 2926 900 2986 siu
933 2935 939 2944 '

108 3024 219 3096 minus,
243 3024 351 3082 sensim
370 3024 425 3081 erit
443 3024 677 3101 pedetentimque
698 3021 847 3093 facienda;
868 3017 901 3080 ut

7 3181 8 3188 ,
106 3121 265 3197 amicitias,
287 3139 351 3198 quae
372 3120 470 3184 minue
495 3121 699 3193 delecteutset
721 3118 818 3180 minus
836 3125 900 3195 proi
940 3143 942 3148 ·
