2167 3609
152 327 194 388 84
483 336 527 384 nn
546 335 693 383 onsrcns.
923 338 993 397 [nn

296 409 325 457 ᾖ,

200 465 313 562 meunt,
327 489 401 547 nnn
415 488 542 562 uberius,
557 488 630 547 nnn
644 487 768 560 auratus,
781 487 854 545 sinn
873 488 992 563 nomine

199 587 291 644 libero
317 587 451 664 dignius:
478 586 515 643 de
542 586 609 662 quai,
634 586 769 662 quoniam
796 585 826 643 in
850 586 991 644 “Catone

200 682 340 760 Majore”
357 684 439 741 'satis
465 684 557 741 multa
583 683 717 754 diximus,
745 683 826 741 illinc
851 701 989 757 assumes,

199 799 262 856 quae
277 765 312 839 ad
326 782 405 840 hunc
418 782 517 840 locum
529 780 724 857 pertinebunt

165 974 182 1022 5
237 975 348 1034 XLIII.
371 976 440 1047 Sed,
456 976 491 1033 ab
506 975 541 1032 iis
554 973 683 1051 partibus
696 994 759 1050 quae
774 984 840 1031 sunt
853 974 989 1033 honesta·

197 1072 244 1144 tis,
265 1073 509 1147 quemadmodum
530 1072 626 1129 officia
646 1071 830 1143 ducerentur,
851 1071 921 1128 satis
941 1091 989 1130 ex·

195 1169 322 1244 positum
342 1170 462 1226 videtur.
504 1168 615 1227 Eorum
643 1178 737 1225 autem
766 1167 902 1243 ipsorum,
922 1188 987 1242 quae

197 1267 318 1323 honesta
331 1276 407 1337 sunt,
421 1275 515 1340 potest
529 1265 659 1323 incidere
672 1282 748 1340 saepe
762 1264 927 1335 contenti03
949 1265 987 1321 de

195 1361 307 1420 duobus
327 1362 463 1433 honestis,
485 1371 581 1418 utrum
609 1362 771 1418 honestius:
793 1360 841 1435 qui
864 1360 947 1418 locus
969 1381 987 1418 a

149 1464 180 1513 10
195 1458 324 1515 Panaetio
351 1469 395 1515 est
420 1458 637 1534 praetermissus.
686 1457 774 1528 Nam,
798 1475 863 1514 curn
891 1458 986 1515 omnis

194 1554 330 1611 honestas
350 1564 448 1611 manet
463 1554 620 1629 apartibus
639 1562 770 1629 quatuor,
785 1572 904 1628 quarum
926 1572 987 1611 una

194 1650 231 1707 sit
251 1651 435 1726 cognitionis,
451 1651 540 1708 altera
560 1650 784 1720 communitatis,
797 1649 883 1706 tertia
905 1669 985 1727 mag-

194 1747 381 1818 nanimitatis,
401 1758 503 1822 quarta
529 1746 751 1816 moderationis;
779 1747 833 1817 hae,
856 1745 886 1802 in
914 1746 985 1803 deli·

193 1843 289 1918 gendo
316 1843 420 1915 officio,
442 1862 517 1919 saepe
545 1843 619 1901 inter
643 1861 674 1899 se
701 1854 913 1918 comparentur,
933 1862 985 1900 ne-

146 1954 178 2001 15
193 1957 275 1997 cesse
295 1950 346 1997 est.

231 2035 333 2093 Placet
353 2035 449 2113 igitur,
473 2035 583 2111 aptiora
609 2054 673 2091 esse
699 2044 809 2092 naturae
830 2053 866 2091 θα
885 2034 983 2093 officia

192 2150 256 2206 quae
283 2152 320 2189 ex
347 2132 563 2203 communitate,
587 2150 673 2206 quam
701 2150 736 2188 ea
761 2151 824 2206 quae
851 2149 887 2187 ex
914 2150 982 2209 cog-

191 2229 311 2301 nitione,
333 2229 491 2286 ducantur:
521 2229 607 2302 idque
635 2229 690 2285 hoc
717 2237 884 2304 argumento
911 2246 982 2286 eou-

191 2324 297 2383 finmari
317 2335 421 2400 potest,
436 2325 523 2399 quod,
538 2325 563 2380 si
584 2323 736 2400 contigerit
750 2343 785 2380 ea
798 2323 856 2380 vita
869 2324 982 2400 sapien-

143 2430 175 2480 20
191 2421 223 2492 ti,
251 2431 283 2477 ut
309 2421 351 2477 in
369 2420 499 2477 omnium
531 2431 626 2478 rerum
661 2420 842 2478 affluentibus
876 2421 980 2497 copiis,

189 2516 318 2591 quamvis
351 2517 457 2587 omnia,
491 2536 554 2591 quae
588 2516 757 2594 cognitione
789 2517 878 2593 digna
911 2518 979 2590 sint,

120 2692 122 2695 Α
190 2629 302 2669 summo
324 2611 384 2669 otio
397 2631 496 2670 secum
512 2613 572 2688 ipse
587 2613 749 2671 consideret
762 2623 791 2670 et
805 2614 981 2689 contemple-

189 2718 252 2778 tur;
279 2718 387 2779 tamen,
408 2709 432 2765 si
453 2709 577 2768 solitudo
602 2719 682 2768 tanta
704 2710 751 2781 sit,
774 2720 804 2767 ut
831 2709 979 2768 hominem

189 2805 286 2862 videre
307 2824 366 2863 non
386 2806 486 2881 possit,
507 2807 628 2864 excedat
642 2826 659 2863 e
672 2807 739 2864 vitai.
780 2805 980 2882 Princepsque

141 2908 173 2956 25
188 2901 319 2959 omnium
329 2902 466 2961 virtutum
481 2913 524 2960 est
538 2903 588 2960 illa
601 2903 751 2979 sapientia,
767 2922 852 2978 quam
867 2910 978 2973 Σοφίαν

188 2999 284 3056 Graeci
304 3009 425 3057 vocant:
453 3000 634 3076 prudentiam
659 3000 747 3073 enim,
768 3020 853 3077 quam
881 3000 980 3059 Graeci

189 3095 330 3172 Φρόνησιν
358 3095 469 3169 dicunt,
492 3096 577 3156 aliam
600 3097 744 3180 quandam
770 3097 978 3182 intelligimus,
