2167 3609
111 343 207 404 ami
403 345 446 393 ou
467 346 613 394 orrrcns.
891 336 946 396 161

108 491 190 570 jurii
216 487 275 564 fiat,
303 493 484 553 serviendum
510 504 562 552 est.
604 494 685 553 Seite
714 493 901 571 Chrysippus,

114 599 148 647 ut
167 589 266 660 multa,
283 588 373 651 “Qui
394 590 546 663 stadium,”
563 591 664 666 inquit,
680 597 698 625 “
709 592 807 662 currit,
830 590 901 648 eniti

112 695 143 743 et
170 686 346 743 contendere
372 686 466 758 debet,
488 705 573 761 quam
600 688 722 744 maxime
748 688 848 762 possit,
869 697 902 743 ut

113 781 228 838 vineat:
263 782 443 857 supplantare
475 802 552 854 eum,
580 783 697 857 quicum
724 794 824 856 certet,
852 794 902 842 aut

113 895 202 934 mauu
223 877 376 952 depellere,
397 879 476 935 nullo
497 880 584 936 modo
604 879 705 936 debet:
730 880 773 936 sio
793 879 823 937 in
842 880 931 937 vitulo

112 973 170 1030 eibi
190 992 333 1048 quemque
352 984 460 1049 petere,
481 976 557 1049 quod
579 975 722 1050 pertineat
745 976 780 1032 ad
805 994 899 1047 usum,

112 1088 171 1129 uon
192 1070 322 1145 iniquum
344 1080 403 1128 est:
428 1071 509 1127 alteri
529 1071 669 1145 deripere,
681 1071 728 1147 jus
749 1090 808 1129 non
828 1072 899 1128 est.’'

154 1165 282 1223 Maxime
304 1177 399 1224 autem
418 1168 620 1241 perturbantur
641 1166 736 1225 officia
754 1168 785 1224 iu
804 1167 901 1225 amioi·

113 1262 178 1332 tiis;
204 1263 307 1336 quibus
327 1274 356 1320 et
376 1281 434 1320 uon
455 1263 582 1320 tribuere
603 1263 678 1337 quod
699 1274 778 1321 recte
797 1263 899 1339 possis,

113 1368 143 1414 et
157 1357 283 1415 tribuere
297 1359 373 1433 quod
388 1377 446 1416 non
461 1360 498 1417 sit
516 1378 640 1434 equum,
655 1370 756 1418 contra
773 1360 901 1418 officium
915 1361 946 1413 10

112 1463 165 1511 est.
221 1454 281 1511 Sed
307 1454 391 1530 hujus
417 1456 532 1532 generis
559 1457 647 1512 totius
674 1457 759 1513 breve
785 1467 814 1514 et
842 1475 900 1515 uon

113 1549 233 1607 difficile
259 1562 432 1627 preceptum
459 1563 510 1608 est
564 1552 640 1613 Quae
668 1553 745 1609 enim
768 1553 900 1610 videntur

112 1647 207 1718 utilia,
221 1647 355 1718 honores,
372 1648 488 1715 divitiae,
502 1649 670 1724 voluptates,
692 1660 796 1706 caetera
815 1668 901 1727 gene·

112 1744 155 1800 ris
168 1744 305 1819 ejusdem,
317 1744 380 1801 haeo
394 1745 527 1802 amicitiae
541 1764 686 1821 nunquam
702 1746 901 1822 anteponenda

112 1849 190 1897 sunt.
245 1840 287 1896 At
319 1858 410 1915 neque
437 1851 537 1897 oontra
563 1842 779 1917 rempublicam,
806 1861 899 1917 neque
915 1845 945 1895 15

114 1946 219 1994 eontra
241 1935 439 2011 jusjurandum
461 1955 495 1994 ae
514 1937 610 2009 fidem,
633 1939 718 1995 amici
739 1941 837 2010 eausa,
858 1940 899 1996 vir

113 2032 207 2089 bonus
228 2030 330 2100 laoiet3
358 2032 439 2088 nesi
463 2032 551 2108 judex
572 2032 685 2106 quidem
707 2034 761 2089 erit
781 2034 817 2090 de
838 2034 899 2109 ipso

113 2128 219 2185 amieo.
260 2127 346 2184 Ponit
360 2128 437 2184 enim
451 2147 603 2203 personam
618 2128 713 2199 amici,
725 2147 792 2185 oum
806 2129 900 2187 induit

109 2223 228 2300 judicis.
270 2223 398 2281 Tantum
418 2223 498 2280 dabit
519 2223 662 2294 amicitiae,
678 2234 709 2281 ut
723 2243 816 2281 veram
832 2225 900 2281 ami-

113 2319 143 2377 oi
165 2339 283 2376 oausam
303 2338 366 2377 esse
385 2320 482 2376 malit:
511 2328 542 2376 ut
563 2319 677 2375 orandae
699 2319 757 2376 litis
777 2330 898 2395 tempuS,
912 2328 944 2378 20

111 2416 209 2491 quoad
227 2435 277 2490 per
291 2415 369 2492 leges
383 2416 479 2485 liceat,
496 2415 701 2473 accommodet.
744 2415 818 2472 Cum
834 2436 901 2474 vero

109 2511 209 2587 jurato
230 2512 373 2569 sententia
394 2511 518 2567 dicenda
544 2510 591 2581 sit,
611 2512 783 2582 meminerit,
805 2512 900 2569 Deum

111 2626 146 2663 se
167 2606 304 2664 adhibere
323 2616 435 2677 testem,
451 2606 479 2662 id
500 2617 544 2663 est
559 2605 604 2682 (ut
625 2607 759 2686 arbitror)
775 2619 899 2665 mentem

111 2720 207 2773 suam,
222 2702 279 2776 quir
296 2702 367 2759 nihil
382 2702 490 2758 homini
504 2702 584 2759 dedit
595 2701 678 2759 Deus
692 2703 751 2778 ipse
765 2703 898 2762 divinius.

111 2796 216 2873 Itaque
228 2797 395 2873 praeclarum
411 2817 428 2854 a
441 2798 596 2873 majoribus
611 2798 774 2874 accepimus
791 2818 898 2857 morem
910 2807 942 2857 25

110 2894 236 2970 rogandi
254 2893 371 2969 judicie,
386 2893 409 2951 si
426 2913 492 2951 eum
512 2904 685 2965 teneremus,
701 2894 804 2955 “Quae
822 2898 900 2954 salvii

111 2989 171 3048 fide
186 2990 282 3048 facere
294 2990 412 3065 possit.''
454 2990 528 3047 Haeo
541 2990 654 3067 rogatio
669 2992 704 3047 ad
718 3010 753 3050 ea
765 2993 898 3068 pertinet,

108 3104 179 3162 quie
204 3086 293 3163 paulo
319 3095 386 3146 aute
412 3085 471 3143 dixi
499 3087 618 3145 honeste
643 3086 737 3146 amioo
761 3107 778 3147 a
800 3088 899 3166 judice

350 3182 387 3239 14
398 3182 415 3217 ⁸*
