2167 3609
104 343 188 406 uu]
390 347 434 394 oa
456 347 602 395 currens.
888 341 945 400 113

103 497 163 566 les3
186 494 231 552 sic
258 494 352 571 gloria
374 504 404 551 et
427 496 582 571 quaerenda
604 505 634 554 et
658 497 830 556 collocanda
855 514 900 556 ra·

103 594 184 651 tione
200 602 253 649 est.

142 688 322 764 Quanquam
349 690 486 764 praeclare
514 690 649 748 Socrates
669 691 746 749 banc
766 691 840 749 viam
863 690 897 750 ad

102 786 227 862 gloriam
260 785 428 861 proximam,
463 796 492 843 et
526 787 608 862 quasi
644 789 898 863 compendiariam,

103 882 222 939 dicebat
243 901 316 954 esse,
332 882 356 939 si
377 884 441 958 quis
462 883 490 939 id
509 895 616 960 ageret,
632 894 672 955 ut,
687 885 779 959 qualis
800 885 929 942 haberi5

103 979 201 1050 vellet,
222 979 288 1035 talis
308 990 392 1037 esset.
433 979 524 1042 Quod
547 981 572 1037 si
592 981 640 1057 qui
662 981 855 1052 simulatione,
869 992 899 1039 et

102 1074 185 1133 inani
206 1076 409 1147 ostentatione,
431 1087 460 1133 et
481 1077 548 1134 ficto
569 1096 627 1135 non
648 1079 732 1135 modo
756 1096 897 1149 sermone,

103 1172 156 1229 sed
178 1172 266 1229 etiam
287 1173 376 1243 vultu,
398 1174 528 1230 stabilem
551 1193 582 1231 se
609 1174 730 1251 gloriam
758 1172 898 1248 consequi

102 1288 189 1345 posse
213 1279 322 1341 rentur,
345 1270 528 1327 vehementer
556 1281 660 1328 errant.
701 1271 780 1328 Vera
806 1270 899 1348 gloria

103 1366 220 1423 radices
255 1365 323 1442 agit,
360 1377 443 1442 atque
477 1367 564 1423 etiam
601 1380 792 1444 propagatur:
830 1368 898 1425 ficta
913 1372 943 1422 lu

102 1463 203 1520 omnia
217 1463 359 1533 celeriter,
374 1475 510 1540 tanquam
529 1463 651 1535 flosculi,
667 1465 821 1534 decidunt;
842 1483 898 1522 nec

103 1560 271 1616 simulatum
306 1569 401 1635 potest
434 1560 590 1635 quidquam
623 1579 686 1617 esse
721 1561 896 1617 diuturnum.

104 1655 212 1713 Testes
227 1644 299 1714 'sunt
319 1657 455 1734 permulti
476 1657 506 1713 in
523 1666 813 1732 utramquepartem:
836 1655 897 1730 sed,

104 1754 254 1810 brevitatis
281 1753 379 1824 causi,
401 1753 510 1810 familiai
537 1753 644 1810 erimus
672 1754 801 1811 contenti
828 1753 896 1811 uni.

102 1849 153 1907 Ti.
170 1850 248 1907 enim
269 1850 430 1921 Gracchus,
445 1849 476 1907 P.
492 1850 577 1922 filius,
591 1851 701 1908 tamdiu
722 1850 896 1921 laudabitur,
912 1858 943 1907 15

102 1948 174 2003 dum
195 1947 335 2004 memoria
355 1966 449 2004 rerum
471 1946 671 2004 Romanarum
696 1947 839 2003 manebit:
869 1956 898 2003 at

102 2043 167 2120 ejus
187 2042 240 2100 filii
260 2062 316 2100 nec
336 2043 392 2100 vivi
412 2044 607 2118 probabantur
628 2043 721 2114 bonis,
741 2052 770 2099 et
790 2042 897 2099 mortui

102 2158 258 2197 numerum
271 2140 402 2197 obtinent
413 2140 478 2216 jure
492 2158 643 2196 cesorum.

142 2332 232 2390 XIII.
253 2332 316 2395 Qui
331 2332 418 2409 igitur
434 2331 555 2409 adipisci
565 2350 662 2388 veram
677 2330 798 2408 gloriam
814 2330 897 2403 volet,

98 2430 219 2506 justitia
235 2429 370 2505 fungatur
381 2429 492 2486 officiis.
534 2429 579 2486 Ea
593 2448 656 2503 quae
670 2437 776 2500 essent,
788 2428 897 2485 dictum
911 2435 943 2487 9)

101 2536 147 2583 est
161 2526 237 2583 libro
249 2526 407 2601 superiore.

90 2605 97 2622 ⁸
143 2622 215 2695 Sed,
244 2634 275 2680 ut
302 2621 449 2694 facillime,
477 2623 576 2698 quales
608 2622 708 2693 aimus,
735 2621 807 2678 tales
833 2640 897 2679 esse

101 2720 263 2791 videamur,
284 2718 338 2775 etsi
366 2718 396 2775 in
424 2736 460 2776 eo
488 2719 550 2794 ipso
572 2718 617 2775 vis
644 2718 768 2775 maxima
790 2727 844 2789 est,
865 2727 898 2775 ut

101 2815 194 2874 simus
222 2815 243 2872 ii
270 2816 319 2891 qui
350 2816 451 2873 baberi
478 2816 608 2886 velimus,
634 2824 733 2871 tamen
766 2814 897 2889 quaedam

100 2923 249 2990 praecepta
268 2912 365 2969 danda
385 2923 460 2970 sunt.
501 2911 590 2983 Nam,
605 2911 630 2968 si
644 2911 708 2985 quis
729 2910 765 2967 ab
779 2909 897 2969 ineunte
908 2910 942 2961 ὅ

100 3020 188 3068 atate
208 3010 296 3067 habet
316 3028 433 3090 causam
454 3008 631 3067 celebritatis
651 3016 680 3064 et
697 3006 832 3078 nominis,
847 3017 897 3066 aut

100 3116 217 3186 epatre
231 3116 381 3184 acceptam
397 3106 488 3185 (quod
506 3104 571 3178 tibi,
586 3104 626 3163 mi
639 3102 759 3175 Cicero,
773 3101 896 3160 arbitror

331 3201 408 3262 *10*
