2167 3609
482 337 525 385 nn
545 337 689 385 orncns.
916 339 957 399 [n.
968 339 989 386 1.

198 488 298 564 primis
326 500 422 548 autem
452 490 685 548 constituendum
709 499 762 562 est,
784 507 855 565 quos
877 508 933 547 nos
956 501 989 548 et

198 587 296 661 quales
316 605 380 643 esse
394 588 523 659 velimus,
537 598 567 646 et
585 589 614 644 in
629 606 685 662 quo
699 604 803 664 genere
817 587 900 644 vitae:
921 607 987 663 quae

199 683 367 742 deliberatio
377 695 420 741 est
431 685 559 742 omnium
571 684 746 742 difficillima.
773 683 895 741 Ineunte
905 685 986 741 enim

120 841 125 850 ¹
199 780 402 854 adolescentie,
420 801 486 839 cum
507 791 551 839 est
570 781 694 838 maxima
714 780 895 838 imbecillitas
915 800 986 839 con·

166 885 183 933 5
198 876 265 946 silli,
280 886 341 934 tum
363 878 392 935 id
414 879 468 937 sibi
487 879 607 953 quisque
628 896 720 955 genus
738 877 829 935 aetatis
843 877 984 954 degendae

198 975 355 1047 constituit,
377 975 453 1051 quod
480 974 604 1032 maxime
626 974 783 1031 adamavit:
805 973 901 1048 itaque
916 985 983 1032 ante

197 1069 360 1145 implicatur
380 1072 473 1147 aliquo
487 1082 567 1129 certo
581 1088 686 1147 genere
701 1088 843 1145 cursuque
857 1069 982 1142 vivendi,

196 1187 281 1243 quam
291 1169 394 1243 potuit,
404 1169 479 1243 quod
492 1169 631 1244 optimum
641 1177 725 1238 esset,
732 1167 870 1243 judicare.
892 1166 982 1238 Nam,

196 1264 272 1339 quod
295 1264 452 1322 Herculem
474 1264 640 1322 Prodieium
661 1264 760 1321 dicunt
776 1263 822 1339 (ut
842 1274 885 1320 est
906 1263 982 1339 apud

151 1367 182 1417 lo
197 1360 435 1439 Xenophontem)
460 1361 671 1436 cumprimum
695 1361 866 1436 pubesceret
890 1358 982 1437 (quod

196 1466 307 1531 tempus
329 1476 345 1513 a
365 1458 476 1528 naturd,
491 1457 527 1514 ad
548 1457 742 1534 deligendum,
758 1475 841 1531 quam
862 1458 982 1532 quisque

196 1552 270 1612 viam
290 1553 403 1610 vivendi
424 1553 461 1610 sit
481 1554 669 1630 ingressurus,
692 1554 789 1611 datum
809 1554 866 1632 est)
887 1553 982 1611 exisse

197 1649 226 1705 in
248 1650 442 1721 solitudinem,
463 1662 547 1727 atque
569 1652 608 1708 ibi
631 1651 787 1724 sedentem,
808 1651 856 1707 diu
880 1669 981 1707 secum

196 1748 373 1821 multumque
394 1746 551 1820 dubitisse,
574 1767 640 1805 cum
663 1748 735 1806 duas
757 1756 887 1805 cerneret
909 1746 980 1818 vias,

150 1827 180 1906 15
197 1862 283 1901 unam
297 1843 470 1918 Voluptatis,
487 1844 602 1901 alteram
616 1844 749 1916 Virtutis,
760 1855 852 1902 utram
867 1842 981 1921 ingredi

196 1939 299 1996 melius
318 1952 408 2010 esset3
437 1941 492 1998 boc
512 1940 644 2012 Herculi,
658 1940 739 1998 Iovis
752 1951 815 1997 satu
828 1940 917 2011 edito,
931 1958 982 2015 po·

195 2035 250 2092 tuit
278 2035 398 2094 fortasse
425 2037 612 2114 contingere:
643 2036 726 2094 nobis
749 2055 807 2094 non
829 2035 908 2106 item,
931 2035 981 2111 qui

196 2130 350 2204 imitamur,
365 2152 438 2208 quos
452 2134 556 2208 cuique
570 2133 662 2191 visum
673 2144 726 2205 est,
740 2144 823 2209 atque
835 2133 869 2190 ad
880 2151 981 2190 eorum

196 2229 291 2287 studia
304 2228 490 2305 institutaque
499 2230 685 2306 impellimur.
727 2229 859 2304 Plerique
874 2239 980 2301 antem,

149 2346 180 2395 20
195 2339 357 2399 parentium
377 2326 527 2401 praeceptis
541 2327 653 2399 imbuti,
666 2326 701 2383 ad
715 2345 814 2384 eorum
828 2337 982 2384 consuetu·

196 2421 292 2477 dinem
314 2441 480 2497 moremque
500 2422 687 2496 deducimur:
720 2423 767 2480 alii
788 2422 981 2480 multitudinis

193 2517 304 2592 judicio
319 2519 448 2575 seruntur
457 2538 464 2587 ;
485 2537 605 2593 quaeque
619 2519 718 2594 majori
732 2520 805 2597 parti
824 2519 982 2596 pulcherri-

196 2634 244 2670 ma
270 2614 413 2685 videntur,
442 2632 477 2670 ea
504 2615 627 2671 maxime
660 2625 812 2692 exoptant:
847 2614 980 2672 nonnulli

195 2719 302 2781 tamen,
327 2709 386 2767 sive
407 2708 544 2769 felicitate
563 2710 695 2785 quidam,
710 2712 769 2769 sive
789 2711 914 2769 bonitate
931 2729 982 2766 na·

148 2815 180 2867 25
195 2816 276 2880 turae,
292 2808 350 2865 sive
370 2803 532 2882 parentium
553 2806 715 2883 disciplinis,
730 2819 838 2866 rectam
850 2808 917 2865 vitae
939 2826 982 2864 se·

196 2904 257 2961 cuti
270 2915 337 2962 sunt
351 2905 434 2963 viam.

206 3109 211 3117 ·
235 3096 384 3158 XXXIII.
414 3099 491 3161 Illud
513 3110 608 3160 autem
626 3099 750 3186 maxirne
773 3118 870 3162 rarum
889 3117 983 3179 genus
