2167 3609
157 344 205 416 'tta
496 335 539 401 nir
558 353 704 401 osricus
918 351 987 410 [nt

202 505 442 581 nobisdissoluta.
478 503 670 562 scenicorum
681 501 796 577 quidem
804 518 868 573 mos
877 510 989 559 tantam

202 601 289 659 habet
299 602 386 659 veteri
401 599 553 676 discipline
564 598 778 669 verecundiam,
787 609 820 656 ut
830 598 860 656 in
870 616 989 655 scenam

202 698 265 763 sine
279 697 457 774 subligaculo
470 696 591 772 prodeat
605 712 699 753 nemo.
740 695 884 752 Verentur
899 694 988 765 enim,

202 814 250 866 ne,
264 795 288 851 si
302 813 359 871 quo
374 813 443 851 casu
457 791 594 863 evenerit,
608 801 640 848 ut
654 810 781 866 corporis
801 801 896 866 partes
914 811 989 865 que·

172 890 270 953 odam
285 890 456 966 aperiantur,
469 888 643 963 aspiciantur
658 906 717 945 non
732 887 843 944 decore.
877 886 989 943 Nostro

204 987 320 1066 quidem
334 1005 424 1057 more,
439 1003 506 1043 cum
521 984 688 1060 parentibus
705 984 828 1058 puberes
843 983 906 1054 filii,
921 1002 990 1039 cum

204 1083 312 1150 soceris
325 1082 434 1160 generi,
446 1099 506 1139 non
518 1082 657 1139 lavantur.
698 1080 866 1137 Retinenda
879 1092 922 1137 est
938 1079 990 1156 igi·

203 1190 250 1238 tur
272 1179 356 1256 hujus
376 1178 489 1256 generis
505 1176 689 1248 verecundia,
707 1177 866 1253 praesertim
885 1176 990 1234 natura

204 1276 267 1353 ipsa
281 1275 418 1353 magistri
431 1285 460 1332 et
473 1275 556 1334 duce.

159 1470 190 1522 10
244 1467 388 1528 XXXVI.
410 1468 486 1525 Cum
500 1478 596 1526 nutem
605 1469 829 1545 pulchritudinis
838 1470 896 1526 duo
905 1488 991 1546 gene-
1073 1469 1074 1494 ³

205 1584 238 1623 ra
256 1566 323 1635 sint,
339 1584 459 1642 quorum
479 1565 509 1623 in
531 1566 621 1623 altero
635 1577 768 1623 venustas
788 1567 835 1637 sit,
849 1566 879 1624 in
902 1568 992 1625 altero

205 1663 346 1740 dignitas3
361 1672 538 1720 venustatem
548 1663 715 1720 muliebrem
727 1663 833 1720 ducere
842 1664 992 1735 debemus,

205 1758 507 1838 dignitatemvirilem.
549 1759 628 1837 Ergo
639 1770 667 1817 et
682 1759 801 1818 aformti
811 1770 993 1817 removeatur

207 1856 300 1913 omnis
322 1857 383 1913 viro
403 1875 462 1913 non
482 1857 587 1933 dignus
607 1866 740 1927 ornatus;
762 1867 791 1914 et
811 1856 880 1913 huic
898 1858 995 1914 simile

160 1937 191 2002 15
208 1952 308 2011 vitium
322 1952 352 2010 in
366 1963 448 2030 gestu
469 1962 607 2028 motuque
628 1964 769 2011 caveatur.
810 1953 839 2011 N
843 1972 888 2010 am
902 1965 931 2011 et
945 1973 996 2030 pa·

207 2050 323 2107 laestrici
332 2060 426 2107 motus
434 2069 509 2125 saepe
520 2060 586 2107 sunt
596 2050 768 2120 odiosiores3
784 2060 813 2109 et
822 2051 995 2108 histrionum

208 2127 340 2203 nonnulli
353 2156 450 2223 gestus
465 2146 555 2222 inepti
569 2166 627 2204 non
643 2157 745 2204 vacant
758 2147 931 2218 offensione3
955 2159 994 2220 et,

208 2242 239 2300 in
253 2253 374 2318 utroque
392 2262 507 2320 genere,
522 2263 586 2319 quae
605 2254 671 2301 sunt
691 2255 772 2302 recta
791 2254 821 2301 et
840 2244 994 2319 simplicia,

208 2339 369 2397 laudantur.
411 2339 523 2397 Formae
544 2350 638 2397 autem
655 2341 781 2416 dignitas
795 2341 900 2398 coloris
912 2341 997 2398 boni·

161 2438 193 2488 20
209 2446 268 2493 tate
281 2435 388 2493 tuenda
402 2445 461 2504 est3
483 2436 574 2507 color,
588 2438 841 2495 exercitationibus
855 2439 995 2513 corporis.

210 2530 385 2587 Adhibenda
410 2540 454 2587 est
480 2541 620 2606 praeterea
646 2533 788 2590 munditia
807 2553 864 2591 non
885 2534 997 2605 odiosa,

210 2644 304 2701 neque
317 2625 459 2699 exquisita
471 2627 557 2686 nimis
568 2649 575 2697 ;
596 2638 709 2686 tantum
723 2649 786 2704 quae
798 2630 887 2707 fugiat
902 2650 998 2707 agres-

210 2731 312 2778 temet
330 2722 515 2781 inhumanam
535 2725 749 2801 negligentiam.
791 2726 902 2783 Eadem
922 2728 998 2785 ratio

211 2828 255 2875 est
275 2819 407 2877 habenda
419 2820 537 2878 vestiths
547 2842 554 2890 ;
577 2822 606 2879 in
621 2841 678 2897 quo
694 2821 783 2899 (sicut
803 2823 833 2881 in
853 2824 999 2901 plerisque

163 2920 196 2969 25
212 2916 311 2995 rebus)
326 2916 510 2975 mediocritas
522 2918 631 2993 optima
644 2930 694 2977 est.

252 3011 420 3070 Cavendum
440 3022 483 3071 est
504 3024 609 3086 eutem,
624 3034 662 3073 ne
679 3027 727 3073 aut
741 3017 924 3075 tarditatibus
938 3028 1001 3076 uta·

213 3126 276 3188 mur
290 3107 321 3168 in
333 3128 435 3187 gressu
450 3111 639 3185 mollioribus,
653 3122 685 3172 ut
696 3130 866 3190 pomparum
880 3114 1010 3174 ferculis
