2167 3609
164 341 225 409 '144
500 358 543 405 nn
566 357 709 405 ormons.
902 354 944 416 [n.
953 356 998 403 111.

210 503 373 577 menteriis3
397 507 556 581 presertim
576 525 642 565 cum
662 505 779 578 scribet,
800 505 912 564 nullum
932 523 996 563 esse

209 604 306 661 locum
320 604 350 660 in
364 605 425 660 totd
438 603 618 678 philosophie
632 613 691 659 tam
703 603 907 661 necessarium.

249 699 372 758 Minime
392 718 459 756 vero
487 699 626 761 assentior
648 698 693 770 iis,
714 698 763 773 qui
790 709 906 776 negant,
928 718 995 756 eum

208 797 306 854 locum
333 816 350 854 a
375 795 503 854 Panaetio
528 795 761 871 pretermissum,
786 794 835 851 sed
863 794 996 853 consulto

181 893 351 964 brelictum‚
372 911 428 949 nec
452 890 571 948 omnino
597 888 781 947 scribendum
809 890 906 962 fuisse,
927 891 996 966 quia

208 1007 356 1065 nunquam
369 998 465 1065 posset
478 988 587 1044 utilitas
601 1005 666 1044 cum
682 987 831 1044 honestate
848 1006 994 1064 pugnare:

209 1086 245 1142 de
272 1105 328 1160 quo
357 1085 477 1142 alterum
508 1093 603 1159 potest
636 1083 742 1140 hebere
776 1083 994 1154 dubitationem,
1079 1119 1080 1136 2

209 1181 441 1239 adhibendumne
468 1181 553 1238 fuerit
576 1180 632 1237 hoc
655 1199 757 1256 genus,
778 1179 853 1254 quod
874 1179 903 1236 in
925 1179 997 1236 divi-

209 1278 290 1336 sione
303 1278 424 1335 Panaetii
438 1278 554 1334 tertium
568 1288 620 1350 est,
636 1296 672 1334 an
685 1278 769 1353 plene
786 1276 994 1334 omittendum:

165 1381 197 1430 1⁰
210 1375 328 1431 alterum
356 1375 479 1432 dubitari
506 1394 566 1431 non
593 1383 695 1450 potest,
724 1374 793 1448 quin
821 1393 837 1431 a
862 1373 995 1430 Panaetio

209 1480 372 1545 susceptum
393 1471 439 1542 sit,
461 1471 510 1527 sed
538 1472 679 1528 relictum.
720 1470 797 1527 Nem
818 1469 867 1544 qui
887 1488 903 1526 e
924 1470 995 1527 divi-

208 1567 290 1624 sione
310 1567 450 1642 tripertite
470 1568 542 1625 duas
562 1579 657 1643 partes
678 1567 838 1638 absolverit,
855 1566 924 1623 huic
945 1585 996 1623 ne-

209 1682 289 1720 cesse
303 1674 346 1720 est
359 1674 467 1721 restare
487 1665 609 1721 tertiam.
650 1664 801 1734 Praeterea,
817 1662 846 1720 in
867 1672 996 1720 extremo

207 1758 281 1817 libro
301 1760 397 1831 tertio,
411 1761 448 1818 de
468 1763 523 1819 hec
543 1770 623 1837 parte
642 1760 794 1836 pollicetur
810 1779 841 1817 se
856 1760 995 1836 deinceps

162 1867 194 1918 15
207 1869 271 1913 esse
285 1855 437 1914 dicturum.

247 1953 373 2013 Accedit
386 1955 487 2014 eodem
501 1954 582 2011 testis
595 1953 733 2028 locuples,
748 1952 928 2023 Posidonius,
944 1951 996 2027 qui

208 2049 296 2106 etiem
316 2051 416 2107 scribit
442 2051 472 2108 in
493 2050 616 2126 quidam
643 2049 774 2124 epistold,
794 2049 826 2106 P.
848 2048 996 2107 Rutilium

207 2145 319 2204 Rufum
334 2147 431 2204 dicere
452 2148 553 2218 solere,
568 2146 617 2221 qui
630 2145 789 2203 Panaetium
809 2146 948 2216 audieret,
963 2155 997 2203 ut

208 2262 293 2301 neruo
318 2245 411 2321 pictor
438 2254 512 2301 esset
540 2243 681 2313 inventus,
706 2242 756 2317 qui
780 2242 849 2298 Coae
870 2242 996 2299 Veneris

162 2354 194 2404 20
208 2359 271 2397 eam
285 2351 403 2416 partem,
415 2360 500 2415 quom
511 2340 629 2415 Apelles
644 2339 806 2395 inchoatam
821 2337 996 2413 reliquisset,

209 2436 367 2493 absolveret
379 2436 451 2514 (oris
464 2437 539 2493 enim
554 2434 738 2511 pulchritudo
748 2435 850 2509 reliqui
865 2435 998 2509 corporis
1076 2443 1080 2470 ⁴

208 2532 340 2592 imitandi
360 2551 439 2608 spem
459 2533 636 2611 auferebat);
657 2532 699 2589 sic
714 2551 758 2603 ee,
773 2551 835 2606 quae
850 2531 998 2589 Pantetius

207 2629 443 2707 praetermisisset,
455 2640 484 2687 et
499 2648 558 2686 non
568 2629 745 2705 perfecisset,
756 2638 871 2704 propter
882 2647 997 2700 eorum,

208 2745 271 2801 quae
284 2724 462 2803 perfecisset,
476 2725 679 2802 prestantium,
694 2724 838 2781 neminem
855 2742 919 2780 esse
933 2742 999 2799 per-

163 2836 195 2886 25
210 2835 347 2883 secutum.

250 3011 306 3073 ῙΠ.
325 3015 522 3078 Quamobrem
543 3015 580 3073 de
597 3013 708 3092 judicio
727 3011 849 3078 Penetii
869 3012 1000 3072 dubitari
1078 3004 1080 3014 ¹
