2167 3609
96 342 124 391 t.
135 344 167 406 t]
398 336 442 385 on
462 337 609 387 orneris.

13 513 14 516 ¹
98 488 256 565 inpriore:
278 487 309 546 in
323 507 360 546 eo
373 489 451 547 enim
465 497 509 547 est
530 489 611 562 illud,
625 489 700 566 quod
714 489 890 547 excellentes

13 631 15 650 ι
79 633 82 642 .
98 585 223 656 animos,
238 596 267 643 et
287 585 414 643 humana
430 596 658 659 contemnentes,
674 586 751 643 fauit.
791 584 827 643 ld
842 604 890 644 an·

13 685 15 700 ¹
96 689 156 736 tem
180 680 276 756 ipsum
299 682 426 739 cernitur
448 682 478 739 in
500 682 622 751 duobus,
638 682 663 739 ei
686 692 716 740 et
735 681 827 740 solum
849 681 889 754 id,

96 778 175 850 quod
195 777 349 834 honestum
370 779 416 849 eit,
432 778 540 835 bonum
558 779 681 854 judiees,
695 789 725 835 et
737 778 816 836 omni
830 777 890 835 ani-

95 873 138 929 mi
161 873 380 947 perturbatione
406 874 478 931 liber
505 875 553 931 sis.
596 873 674 932 Nam
701 883 731 931 et
756 892 801 946 ea,
824 878 919 949 qure5

89 967 207 1025 'eximia
225 968 370 1043 plerisque
384 980 413 1026 et
432 970 572 1045 praeolara
586 970 728 1040 videntur,
738 988 826 1044 parva
838 969 889 1026 du·

97 1082 177 1137 cere,
192 1083 285 1139 eaque
299 1066 410 1122 ratione
424 1066 519 1124 stabili
534 1066 673 1141 firmique
694 1075 889 1136 contemnere,

97 1160 181 1217 fortis
197 1161 286 1217 animi
300 1162 455 1238 magnique
469 1162 635 1219 ducendum
647 1172 708 1218 est:
730 1170 816 1232 eben,
827 1179 890 1235 que

95 1257 232 1314 videntur
247 1259 361 1329 acerba,
372 1257 449 1335 (qnae
460 1259 551 1316 multa
561 1268 589 1316 et
602 1260 682 1316 varia
695 1258 725 1316 in
740 1258 888 1316 hominnm

95 1353 163 1410 vitia·
180 1354 352 1430 fortuanue
374 1356 598 1434 versuumque
621 1356 705 1426 ferre,
719 1364 752 1412 ut
774 1354 846 1411 nihil
872 1357 936 1412 alb

94 1460 173 1507 statu
188 1461 299 1507 naturae
313 1451 456 1522 disoedaa,
468 1451 539 1508 nihil
556 1471 573 1508 a
586 1451 726 1528 dignitate
740 1451 886 1527 sepientis,

95 1547 210 1603 robusti
226 1547 315 1604 animi
329 1557 381 1618 est,
396 1566 564 1624 magnaeqne
578 1549 757 1606 constantim.
849 1605 851 1614 ,

135 1643 207 1701 Non
228 1654 272 1701 eet
294 1654 389 1701 autem
410 1654 647 1715 consentaneum,
661 1644 710 1719 qui
730 1655 808 1702 metu
828 1664 888 1702 non

95 1739 258 1816 frangatur,
273 1758 340 1796 eum
354 1740 447 1817 frangi
462 1740 636 1816 eupiditate3
657 1760 723 1812 neo,
737 1741 786 1816 qui
800 1740 889 1798 invio

13 1841 14 1844 ’
94 1845 212 1892 tumeo
237 1855 254 1893 a
274 1836 372 1892 labore
395 1837 569 1913 praestiterit,
593 1837 671 1894 vinei
697 1856 713 1894 a
734 1837 886 1912 voluptate.
903 1844 934 1894 15

94 1932 300 1993 Quamobrem
314 1908 348 1989 et·
357 1933 420 1990 haeo
431 1933 564 2005 videnda,
574 1943 602 1991 et
612 1933 743 2011 pecunia
752 1932 889 2010 fugienda

96 2028 251 2104 cupiditas.
293 2028 376 2086 Nihil
403 2030 480 2087 enirn
503 2040 547 2087 est
570 2041 629 2087 tarn
652 2029 765 2106 angusti
788 2028 887 2101 animi,

26 2113 31 2124 ’
95 2135 216 2199 tamque
229 2125 319 2200 parvi,
334 2143 419 2199 quam
441 2144 536 2182 amare
549 2126 663 2182 divitias
672 2145 679 2194 ;
701 2125 772 2182 nihil
784 2125 889 2181 hones·

95 2221 167 2293 tius,
183 2221 482 2297 magnificentiusque,
495 2240 580 2296 quarn
594 2221 748 2296 pecuniam
762 2231 889 2278 oontem-

95 2335 179 2388 nere,
194 2317 219 2373 ei
233 2336 293 2373 non
307 2317 413 2375 habeas
425 2338 432 2387 3
454 2317 478 2374 ei
492 2316 609 2387 habeas,
622 2317 656 2372 ad
668 2315 887 2372 beneficentiam
900 2325 933 2376 2)

95 2412 357 2488 liberalitatemque
386 2413 527 2471 oonserre.
569 2411 706 2469 Cavenda
730 2420 776 2468 eet
799 2410 888 2468 etiam

96 2509 199 2586 gloriae
227 2509 381 2585 cupiditas,
406 2520 441 2566 -ut
468 2528 554 2585 eupra
580 2507 648 2565 dixi.
690 2507 783 2583 Eripit
809 2506 887 2564 enirn

95 2605 272 2678 libertatem,
280 2625 336 2681 pro
345 2607 402 2680 qub
415 2604 607 2682 magnanimis
617 2603 685 2661 viris
698 2604 792 2661 omnis
802 2604 888 2662 debet

96 2720 163 2759 esee
177 2702 335 2759 eontentio.
377 2701 444 2758 Neo
454 2719 522 2759 voro
531 2700 652 2777 imperia
659 2700 830 2777 expetenda,
842 2719 886 2773 eo,

96 2798 204 2875 potius,
226 2808 276 2856 aut
295 2817 355 2856 non
376 2797 547 2873 aooipienda
566 2797 719 2870 interdum,
735 2806 784 2856 aut
802 2797 888 2873 depo·
900 2807 933 2858 25

96 2893 196 2951 nenda
209 2911 424 2968 nonnunquam.
915 2897 917 2902 ’

138 2988 312 3048 Vacandum
322 3000 417 3046 autern
426 2999 469 3046 eet
477 2989 557 3047 omni
566 2987 654 3046 animi
662 2987 887 3064 perturbatione,

95 3096 161 3145 tum
173 3085 337 3163 eupiditate·
348 3095 378 3144 et
391 3095 480 3156 metu,
494 3083 655 3145 tumetium
666 3084 849 3163 egritudine,
857 3091 890 3139 et

316 3181 336 3239 4
346 3180 364 3217 r
