2167 3609
131 340 190 401 tte
463 350 506 397 nr:
528 345 674 397 omnim.
867 350 909 410 [ι.
919 350 965 398 nr.

174 508 300 557 nosuam
327 497 547 576 intelligentiam
574 499 662 570 eadit,
683 497 822 556 tuendum
846 516 966 557 conuer-

173 594 355 671 vandumque
381 607 425 654 est
452 598 545 667 nobis,
569 616 654 672 quam
682 596 721 667 id,
744 597 821 671 quod
847 597 964 673 proprie
1069 615 1073 628 ·

174 690 291 764 dieitur,
305 711 428 767 vereque
441 703 485 750 eat
498 686 662 765 honestum,
676 693 862 768 sapientibus.
900 693 964 751 Ali·

173 796 217 845 ter
236 789 314 845 enirn
334 790 425 846 teneri
445 809 504 846 non
523 800 628 864 potest,
643 790 667 846 si
687 809 744 865 qua
764 800 808 846 est
824 790 860 847 ad
875 790 965 847 virtu·

142 890 232 941 tten
253 885 330 943 faeta
348 886 519 963 progressio.
562 886 620 943 Sed
641 886 703 943 hmo
724 886 841 960 quidem
861 886 899 942 de
915 886 963 958 iia,

173 981 222 1057 qui
243 983 462 1039 conservatione
481 982 640 1039 officiorum
661 983 859 1039 existimantur
880 982 963 1039 boni.

212 1078 275 1139 Qui
297 1089 392 1136 autem
411 1078 510 1136 omnia
529 1078 687 1136 metiuntur
710 1078 912 1136 emolumentis
933 1089 964 1135 et

174 1175 342 1246 commodis,
355 1193 449 1249 neque
462 1193 498 1231 ea
510 1175 610 1232 volunt
629 1174 841 1250 praeponderari
858 1175 964 1232 bones-

174 1281 242 1342 tate,
264 1270 293 1327 hi
314 1271 418 1342 solent,
438 1270 468 1328 in
496 1270 693 1342 deliberando,
713 1271 865 1328 honestum
892 1289 962 1329 oum

128 1375 159 1425 10
173 1385 219 1438 eo,
234 1367 310 1440 quod
330 1366 400 1424 utile
418 1376 530 1442 putant,
545 1385 728 1442 comparare:
750 1367 819 1424 boni
832 1367 886 1425 riri
900 1386 961 1426 non

172 1462 274 1520 solent.
315 1461 416 1537 Itaque
429 1463 576 1535 existimo,
589 1463 759 1535 Panaetium,
774 1482 841 1521 eum
855 1464 963 1522 dixerit

172 1560 305 1617 homines
327 1560 420 1617 solere
442 1560 472 1617 in
492 1561 547 1617 bae
575 1560 788 1635 comparatione
815 1560 961 1633 dubitare,

173 1656 229 1714 boo
249 1657 342 1732 ipsum
362 1656 496 1728 semime,
517 1658 593 1731 quod
614 1657 727 1729 dixerit,
748 1657 961 1729 solerefmodo,

172 1769 230 1811 non
250 1752 337 1810 etiam
359 1763 508 1829 oportere:
536 1752 644 1810 etenim
669 1771 729 1810 non
756 1753 844 1810 modo
868 1753 963 1828 pluris

127 1855 273 1925 reputare
292 1849 369 1924 quod
395 1849 467 1906 utile
485 1849 626 1920 videatur,
646 1868 731 1924 quarn
753 1850 828 1924 quod
857 1849 963 1907 bonee-

172 1954 250 2014 tum3
274 1945 325 2002 ned
345 1944 409 2002 baeo
428 1945 515 2002 etiam
535 1946 610 2003 inter
630 1964 661 2002 re
681 1961 856 2020 comparare,
878 1956 908 2003 et
928 1946 960 2005 in

172 2040 218 2098 his
232 2041 409 2114 addubitare,
420 2042 615 2117 turpissimum
632 2051 684 2098 est.
724 2042 806 2104 Quid
820 2052 863 2099 est
877 2061 961 2119 ergo,

172 2138 248 2212 quod
267 2157 474 2213 nonnunquam
495 2138 704 2195 dubitationem
729 2138 830 2196 afferre
856 2139 960 2212 soleat,

172 2234 470 2310 considerandumque
490 2235 640 2292 videaturl
680 2234 786 2306 Credo,
800 2235 823 2292 si
841 2236 961 2311 quando

125 2341 157 2392 2]
171 2330 314 2389 dubitatio
333 2331 449 2403 accidit,
470 2332 554 2406 quale
574 2331 611 2388 sit
631 2330 671 2401 id,
692 2330 807 2406 dequo
827 2331 961 2391 conside·

170 2438 258 2485 retur.
529 2478 532 2482 .

210 2523 295 2598 Saepe
313 2522 391 2579 enirn
410 2532 539 2599 tempore
562 2524 604 2594 fit,
625 2534 666 2595 ut,
687 2524 764 2598 quod
789 2524 960 2600 plerumque

170 2627 254 2693 turpe
273 2619 372 2676 baberi
392 2619 493 2690 soleat,
514 2620 676 2677 inveniatur
699 2639 758 2677 non
780 2639 843 2678 eoae
863 2630 957 2696 turpe.

170 2711 303 2789 Exempli
330 2715 430 2786 causi,
457 2725 579 2791 ponatur
613 2716 729 2790 aliquid,
756 2716 834 2790 quod
860 2726 961 2791 pateat

124 2823 157 2874 25
170 2808 264 2868 latius.
305 2810 396 2872 Quod
416 2821 510 2886 potest
536 2811 628 2887 majus
654 2830 718 2868 esse
744 2812 849 2883 scelus,
870 2832 959 2887 quam

170 2921 230 2962 non
243 2905 330 2962 modo
344 2906 500 2977 bominem,
515 2907 666 2964 sedetiam
684 2907 852 2965 familiarem
867 2908 960 2966 borni·

169 3017 248 3070 nem,
262 2999 416 3057 oooiderel
456 3001 536 3059 Num
557 3001 644 3078 igitur
664 3020 696 3059 se
718 3003 849 3062 astrinxit
868 3003 960 3063 eoele-

169 3101 212 3168 r‘e,
222 3094 248 3154 ei
257 3093 322 3171 quia
334 3105 487 3170 tyranuum
497 3096 617 3171 oeoidit,
628 3098 960 3173 quamrielbmiiiareml

1075 281 1076 312 i

1071 319 1076 350 l

1072 507 1076 590 ⁴
