2167 3609
111 364 206 424 um]
401 366 445 412 ou
467 366 612 413 ormouu
889 360 945 420 rw

112 531 278 588 quanquam
311 514 348 571 ob
381 513 469 591 impio
501 533 571 592 rego
604 514 720 587 diditur,
754 515 901 578 luculento

112 621 209 668 tamen
224 610 339 669 dicitur.

153 707 275 765 Addunt
300 708 398 779 etiam,
422 709 664 782 quemadmodum
690 726 744 766 nos
769 708 901 767 dioomuo

112 804 204 861 videri
222 805 352 878 quaedam
366 805 448 862 utilia
461 824 525 879 qum
538 824 598 862 non
612 805 678 877 sint,
692 804 735 862 oio
748 824 780 862 so
792 805 901 878 dicere,

113 900 204 958 videri
224 901 352 975 quaedam
374 901 505 972 honesto,
526 921 589 976 quae
610 920 668 960 non
693 901 765 958 sint:
794 911 824 959 ut
844 902 932 960 hooss

112 998 205 1074 ipsum
219 997 332 1054 videtur
353 998 515 1070 honesturn,
530 998 718 1056 conservandi
735 996 902 1074 jurisjuran-

113 1095 144 1151 di
170 1095 260 1151 oausd
281 1095 316 1151 ad
337 1095 512 1174 cruciatum*
525 1094 692 1164 revertisoe3
720 1095 770 1151 sod
790 1094 823 1151 fit
841 1111 901 1151 non

112 1190 278 1262 honestum,
305 1190 383 1265 quia,
410 1191 485 1266 quod
512 1210 563 1266 per
591 1191 648 1248 vim
675 1190 800 1247 hostium
826 1198 902 1247 ποοῦ

90 1297 221 1359 ’actum
236 1298 329 1345 ratum
349 1306 412 1345 esse
432 1306 491 1345 non
512 1288 620 1344 debuit,
662 1287 784 1345 Addunt
797 1284 900 1359 'etiam
1000 1333 1003 1340 .

113 1384 254 1459 quidquid
267 1384 349 1442 valde
366 1384 436 1442 utile
450 1384 496 1457 sit,
511 1384 541 1441 id
555 1383 617 1442 fieri
637 1384 799 1455 honestum,
813 1383 900 1441 otium
915 1392 947 1443 1⁰

113 1480 138 1538 si
153 1492 238 1539 antea
251 1501 308 1538 non
322 1482 474 1539 videretur.
526 1481 600 1539 Haeo
614 1481 673 1538 fere
688 1491 789 1539 contra
802 1480 903 1558 Regu·

105 1576 182 1635 ium.
224 1579 282 1636 Sed
297 1578 390 1654 prima
403 1578 558 1635 videamus.

155 1770 271 1829 XXIX.
298 1769 369 1828 Non
390 1769 444 1828 suit
463 1769 575 1847 Jupiter
595 1771 775 1844 metuendus,
790 1788 828 1830 ne
847 1767 902 1829 iro·

113 1873 162 1926 tus
194 1877 327 1937 nooeret3
365 1868 414 1941 qui
447 1886 541 1943 nequo
575 1868 660 1926 irasci
693 1869 775 1940 uolet,
808 1883 902 1944 noque

113 1983 230 2022 nocere.
286 1964 360 2022 Haeo
379 1964 494 2039 quidem
514 1965 591 2022 ratio
608 1983 668 2022 non
689 1965 781 2042 magis
800 1975 903 2024 ooutro
916 1966 947 2019 15

113 2060 274 2137 Regulum,
310 2079 396 2135 quum
433 2070 535 2118 oontro
570 2079 656 2118 omne
693 2061 902 2137 jusjurandum,

114 2157 199 2215 volet,
256 2157 325 2228 Sed,
354 2156 384 2213 in
414 2156 611 2232 jurejurando,
639 2175 698 2213 nou
723 2157 772 2231 qui
798 2166 902 2229 motus,

114 2255 166 2313 sed
200 2273 264 2329 quae
291 2253 333 2310 vis
360 2253 406 2325 sit,
435 2253 520 2308 debet
554 2252 684 2329 intelligi.
739 2251 793 2309 Est
824 2252 903 2308 enim

112 2350 314 2427 jusjurandum
334 2348 485 2408 affirmatio
505 2347 646 2425 religioso„
694 2347 785 2410 Quod
807 2357 903 2405 autom

116 2448 265 2518 affirmate,
279 2447 360 2522 quasi
380 2446 445 2504 Deo
465 2455 547 2517 teste,
566 2445 740 2521 promiseris,
754 2444 784 2501 id
804 2454 904 2502 oenou-
916 2446 948 2499 2⁰

115 2544 259 2601 domest:
277 2544 337 2621 jam
357 2543 444 2614 euim,
459 2561 519 2599 non
538 2542 574 2600 ad
595 2542 665 2600 iram
686 2541 825 2613 Deorum,
840 2559 903 2616 quoe

115 2639 197 2696 nulla
215 2648 268 2710 ost,
283 2640 334 2697 sed
355 2639 390 2696 ad
407 2637 548 2715 justitiam
562 2648 591 2694 et
606 2638 641 2695 ad
661 2637 756 2709 fidem,
769 2635 902 2713 pertineo

115 2734 146 2791 N
149 2754 196 2792 am
209 2735 346 2812 praeolure
359 2735 488 2793 Ennius:

142 2886 158 2913 “
167 2882 191 2931 Ο
202 2882 277 2931 Fides
288 2882 362 2945 ulma,
372 2888 430 2946 opto
439 2883 532 2946 pinnis,
542 2889 569 2930 et
579 2882 594 2930 J
596 2883 758 2948 uojurondum
768 2880 838 2932 Jovis
847 2884 852 2930 !
861 2881 876 2950 'J

114 3020 179 3083 Qui
200 3020 288 3097 igitur
311 3020 510 3096 jusjurandum
530 3021 628 3092 violat,
649 3021 674 3078 is
693 3020 780 3078 fidem
805 3019 904 3091 violat,
916 3034 949 3085 25

116 3135 204 3193 quom
218 3117 249 3174 in
262 3116 407 3192 Capitolio
420 3116 547 3175 vicinum
565 3115 583 3173 J
585 3116 646 3174 ovio
658 3115 769 3193 Optimi
783 3112 904 3187 Maximi

356 3214 393 3271 17
