2167 3609
116 348 224 411 pmii
403 353 448 400 ns
469 353 614 401 osricus.
892 342 946 406 181

119 496 236 556 fallerer
281 498 364 558 Nihil
383 500 514 575 profecto
534 500 638 560 minus.
683 499 736 558 Est
756 517 824 577 ergo
844 499 903 559 ulls

116 611 165 650 tes
178 594 258 666 tanti,
271 604 320 652 aut
331 597 514 653 commodum
524 596 614 654 ullum
629 605 687 654 tam
701 596 901 672 expetendum,

115 690 222 747 iiiviri
243 691 311 748 boni
332 700 361 749 et
381 691 562 767 splendorem
582 702 612 748 et
634 710 741 749 nomen
769 692 902 750 amittssl

111 786 198 846 Quid
219 796 272 857 est,
287 787 361 861 quod
383 788 482 845 afferre
504 798 614 846 tanturn
635 788 743 845 utilitas
761 787 825 860 ista,
839 808 901 863 quae

113 882 232 953 dicitur,
258 884 359 958 possit,
387 896 523 959 quantum
557 884 677 953 auferre,
705 884 730 941 si
756 884 829 941 boni'
850 884 934 942 viri5

114 998 223 1037 momen
242 980 389 1056 eripuerit,
409 981 495 1038 fidem
512 980 710 1057 justitiamque
728 980 902 1037 detraxerit?

111 1075 198 1136 Quid
225 1076 303 1132 enim
330 1076 457 1148 interest,
479 1087 574 1135 utrum
595 1096 631 1134 ex
650 1077 766 1133 homine
787 1095 817 1133 se
839 1076 902 1151 quis

113 1172 246 1229 conserat
274 1172 303 1230 in
330 1172 464 1245 belluam,
486 1193 523 1231 an
544 1174 574 1231 in
594 1174 719 1231 hominis
740 1173 832 1251 figuris
852 1172 903 1230 im-

113 1268 282 1328 manitatem
296 1280 377 1346 gerst
390 1271 512 1328 belluael

155 1459 240 1517 XXI.
267 1460 371 1522 Quidl
406 1461 456 1535 qui
487 1462 585 1520 omnia
616 1472 696 1520 recta
724 1473 754 1519 et
782 1461 904 1520 honesta
918 1471 949 1520 10

113 1557 275 1633 negligunt,
303 1558 459 1615 dummodo
488 1558 647 1633 potentiam
681 1569 902 1633 consequantur,

111 1671 213 1710 nonne
227 1653 303 1711 idem
317 1652 437 1724 laniunt,
451 1655 528 1728 quod
549 1655 583 1726 is,
598 1655 647 1729 qui
661 1654 748 1711 stiam
769 1673 903 1712 socerum

115 1746 223 1804 habere
245 1748 335 1806 voluit
358 1767 435 1820 eum,
459 1749 542 1825 cujus
566 1749 627 1826 ipse
652 1750 774 1808 audaciis
799 1761 902 1826 potens

108 1846 212 1903 essetl
263 1845 341 1903 Utile
361 1845 388 1902 ei
409 1846 557 1904 videbatur
584 1846 738 1922 plurimum
758 1866 843 1922 posse
865 1847 903 1904 al·

113 1941 205 1998 terius
232 1941 349 1999 invidis.
402 1941 437 1998 Id
457 1962 542 2018 quam
563 1943 699 2018 injustum
721 1945 750 2000 in
770 1943 901 2018 patriam,
918 1954 949 2003 15

111 2056 201 2112 quam
228 2037 341 2110 inutile,
361 2057 446 2113 quam
474 2048 556 2113 turpe
583 2049 667 2108 esset,
691 2056 751 2095 non
777 2038 901 2097 videbat.

111 2133 181 2209 Ipse
203 2143 298 2193 autem
318 2153 399 2192 socer
420 2135 451 2191 in
470 2153 521 2191 ors
542 2153 654 2209 semper
671 2135 790 2191 Graeoos
803 2152 902 2192 versus

108 2230 151 2289 de
173 2230 330 2288 Phoenissis
357 2231 490 2301 habebat,
511 2249 585 2304 quos
611 2229 706 2287 dicam
732 2239 765 2286 ut
790 2239 901 2304 potero,

110 2326 414 2398 incompositam,
436 2326 486 2383 sed
507 2335 614 2397 tamen,
635 2335 667 2384 ut
686 2344 733 2383 res
751 2324 840 2403 possit
860 2323 903 2384 in·

108 2423 222 2501 telligit
916 2429 949 2479 20

191 2582 207 2609 “
214 2577 289 2640 Nam,
299 2578 321 2626 si
332 2578 477 2627 violandum
487 2584 526 2626 est
534 2579 586 2641 jus,
597 2577 718 2641 regnandi
729 2577 809 2641 gratis

217 2657 371 2706 Violsndum
380 2664 432 2707 est:
450 2658 505 2706 aliis
516 2659 590 2706 rebus
601 2658 720 2720 pietslsm
730 2657 823 2705 eolss.”

105 2810 254 2887 Capitalis
274 2810 419 2882 Eteocles,
441 2811 485 2869 sel
505 2810 603 2886 potius
623 2808 786 2886 Euripides,
800 2810 850 2885 qui
871 2810 901 2868 id

103 2927 213 2980 unum,
228 2907 306 2983 quod
326 2908 454 2965 omniurn
475 2906 728 2965 sceleratissimum
746 2906 841 2979 fuerit,
854 2925 902 2963 ex·

102 3004 232 3080 ceperit.
916 3015 948 3064 25

146 3099 235 3163 Quid
262 3100 349 3179 igilur
376 3100 490 3158 minuta
514 3100 688 3178 colligimus,
710 3100 900 3168 haereditstss

351 3196 388 3253 16
