2167 3609
130 364 186 423 170
459 368 504 415 nu
525 369 670 417 oeneus.
866 368 906 428 [a.
917 369 960 415 111.

125 579 128 586 ,
172 519 307 577 malitiosi
333 530 408 577 sunt.
462 520 584 577 Nullum
611 519 697 597 igitur
724 518 831 576 factum
858 537 959 576 eorum

171 626 266 692 potest
287 616 356 673 utile
376 635 449 687 esse,
464 635 532 673 cum
552 616 589 673 sit
608 626 651 673 tot
671 615 747 672 vitiis
767 614 959 690 inquinatum.

211 808 278 866 XV.
299 808 387 870 Quod
403 809 426 866 si
441 808 607 884 Aquilliaua
627 808 756 866 definitio
776 827 842 865 vera
855 818 908 879 est,
923 827 961 866 ex

172 906 252 966 omni
266 906 324 962 vitia
337 905 481 962 simulatio
501 905 746 979 dissimulatioque
766 905 892 961 tollenda
905 915 958 962 est.

142 1001 218 1059 5Ita
237 1021 302 1073 nec,
323 1012 355 1058 ut
375 1011 451 1059 emat
472 1002 583 1071 melius,
604 1020 669 1071 nec,
691 1012 722 1057 ut
744 1001 857 1071 vendat,
877 1001 961 1076 quid·

173 1118 257 1173 quam
278 1098 423 1155 simulabit
443 1107 490 1154 aut
505 1096 695 1153 dissimulabit
709 1098 864 1155 virbonus.
906 1097 962 1155 Ac

172 1215 227 1271 que
248 1195 301 1251 iste
322 1195 404 1251 dolus
424 1194 515 1251 malus
537 1193 624 1250 etiarn
648 1193 760 1270 legibus
787 1204 847 1250 erat
867 1194 961 1251 vindi·

173 1301 264 1361 catus,
286 1300 318 1346 ut
337 1291 427 1347 tutela
453 1289 514 1346 XII
542 1289 658 1359 tabulis,
679 1300 707 1346 et
728 1290 961 1365 circumscriptio

174 1386 398 1444 adolescentium
419 1387 483 1462 lege
503 1386 644 1454 Laetori1i3
666 1396 705 1455 et,
719 1385 781 1442 sine
797 1385 871 1462 lege,
883 1386 961 1462 judi·

128 1492 158 1540 10
173 1484 236 1554 ciis,
258 1483 412 1557 inquibus
434 1483 555 1552 additur,
572 1488 635 1538 “ex
655 1482 711 1538 fide
732 1483 835 1538 boni.'’
877 1482 960 1539 Reli·

173 1600 294 1656 quorum
316 1591 411 1636 autem
435 1579 612 1655 judiciorum
639 1578 702 1635 haec
722 1579 808 1635 verba
834 1578 960 1635 maxime

173 1676 333 1745 excellunt3
368 1676 398 1732 in
434 1676 550 1733 arbitrio
585 1674 627 1730 rei
664 1675 781 1745 uxoriae,
817 1675 959 1746 “melius,

173 1772 321 1846 aequius;'’
358 1772 387 1828 in
414 1771 531 1842 fiduciri,
559 1777 578 1803 “
589 1781 619 1827 ut
653 1771 726 1827 inter
760 1772 850 1827 bonos
884 1772 961 1828 bene

174 1867 279 1943 agier.”
321 1866 403 1927 Quid
424 1868 511 1943 ergol
534 1875 582 1923 aut
602 1866 632 1923 in
653 1885 698 1936 eo,
719 1866 795 1941 quod
816 1872 834 1898 “
845 1866 958 1937 melius,

128 1972 158 2020 15
173 1962 310 2038 aequiuS,''
332 1973 426 2039 potest
446 1964 504 2021 ulla
529 1982 595 2038 pars
622 1962 716 2019 inesse
744 1962 871 2019 sraudisl
899 1973 959 2033 aut,

173 2077 240 2116 curn
264 2059 379 2129 dicitur,
401 2060 503 2116 “inter
530 2060 620 2115 bonos
648 2059 721 2118 bene
749 2058 855 2135 agier,''
878 2058 959 2133 quid·

173 2176 258 2231 quam
280 2157 325 2233 agi
346 2157 445 2213 dolose
467 2166 515 2212 aut
535 2154 676 2213 malitioso
702 2157 815 2231 potestl
866 2154 962 2212 Dolus

175 2264 269 2310 autem
290 2253 382 2309 malus
402 2252 594 2321 simulatione,
616 2261 647 2308 ut
668 2252 707 2308 ait
721 2251 875 2326 Aquillius,
890 2269 961 2308 oon-

173 2348 288 2406 tinetur.
329 2347 503 2405 Tollendum
525 2357 568 2403 est
589 2347 674 2423 igitur
695 2366 730 2402 ex
748 2348 833 2403 rebus
848 2356 961 2403 contra-

127 2443 276 2504 20hendis
309 2460 394 2499 omne
428 2442 620 2499 mendacium.
680 2441 749 2498 Non
787 2441 961 2499 licitatorem

173 2539 314 2609 venditor,
342 2557 407 2609 nec,
429 2538 477 2613 qui
504 2548 606 2594 contra
632 2557 663 2594 se
689 2538 821 2609 liceatur,
848 2548 961 2613 emptor

175 2645 314 2711 apponet:
349 2645 478 2709 uterque,
506 2633 529 2690 si
558 2634 593 2690 ad
621 2633 811 2708 eloquendum
839 2634 960 2706 venerit,

173 2749 232 2788 nou
265 2731 339 2806 plus,
367 2750 452 2805 quam
485 2730 584 2802 semel,
613 2730 769 2803 eloquetur.
828 2730 962 2791 Quintus

173 2826 288 2900 quidem
311 2827 450 2896 Scaevola,
471 2826 503 2883 P.
525 2826 611 2897 filius,
633 2845 699 2883 curn
725 2826 907 2901 postulisset,
929 2836 964 2884 ut

128 2925 160 2972 25
175 2920 228 2977 sibi
256 2921 371 2994 fundus,
395 2922 477 2997 cujus
503 2933 614 2997 emptor
641 2933 711 2994 erat,
736 2922 824 2979 semel
852 2922 963 2980 indica-

174 3025 261 3085 retur,
276 3014 361 3088 idque
375 3018 506 3073 venditor
521 3017 561 3075 ita
575 3017 706 3087 fecisset3
728 3017 810 3087 dixit,
824 3036 856 3074 se
869 3018 963 3092 pluris

175 3110 332 3171 estimare:
365 3111 617 3174 addiditceutum
644 3113 741 3174 millia.
782 3112 879 3175 Neruo
906 3124 963 3186 est,
