2167 3609
99 336 128 385 t.
140 335 172 398 a]
380 330 423 381 na
443 331 591 382 orrincns⁴
892 321 934 383 ta

91 477 174 536 riore
203 481 293 538 cauata
321 480 461 557 impediti,
484 502 501 541 a
523 479 674 559 republica
693 477 885 555 recesserunt,

92 594 162 634 cunr
173 576 237 653 ejus
252 578 484 637 administrandae
494 590 664 655 potestatem
677 580 749 652 aliis,
760 580 875 638 laudern

91 691 161 747 quc,
176 674 382 732 concederent.
422 675 541 737 Quibus
563 686 659 733 autern
678 678 744 734 talis
757 677 836 735 nulla
849 677 887 734 sit

92 786 194 842 causa,
216 770 241 827 si
265 771 414 847 despicere
437 792 468 829 se
489 772 590 829 dicant
610 792 654 844 ea,
675 792 738 848 quae
756 773 886 849 plerique

92 867 248 939 mirentur,
264 867 385 942 imperia
404 878 433 925 et
452 869 648 945 magistratus,
669 869 706 926 iis
723 888 782 926 non
801 869 916 927 modo5

92 982 155 1020 non
182 964 273 1034 laudi,
301 984 400 1022 verum
427 965 514 1024 etiam
541 966 622 1037 vitio,
650 965 775 1022 dandum
806 976 885 1042 puto.

93 1059 232 1121 Quorum
252 1061 404 1137 judicium,
419 1063 449 1121 in
469 1064 602 1139 eoquod
623 1062 743 1139 gloriam
762 1076 888 1119 contern-

95 1166 168 1214 nant
191 1168 220 1214 et
239 1176 292 1234 pro
312 1158 404 1215 nihilo
421 1169 533 1236 putent,
549 1159 667 1216 difficile
681 1159 758 1217 factu
772 1167 887 1215 estnon

94 1255 241 1329 probare:
263 1256 313 1313 sed
327 1255 460 1313 videntur
478 1256 592 1313 labores
611 1269 640 1314 et
657 1256 812 1327 molestias,
827 1266 888 1312 tum

93 1350 300 1422 offensionum,
314 1353 580 1427 tum‘repulsarum
595 1353 676 1427 quasi
690 1352 833 1428 quandam
847 1351 888 1429 ig·
903 1358 933 1407 to

95 1447 270 1519 nominiam,
284 1448 396 1520 timere,
411 1458 440 1506 et
453 1448 611 1506 infamiam.
652 1450 727 1506 Sunt
741 1450 827 1520 euim,
838 1449 887 1523 qui

96 1544 127 1602 in
141 1545 231 1601 rebus
253 1545 406 1602 contrariis
428 1564 529 1621 parum
548 1546 603 1603 sibi
623 1556 770 1615 constent3
791 1546 889 1621 volup-

94 1650 187 1697 tatem
196 1640 377 1698 scverissime
388 1652 585 1714 contemnant,
597 1642 627 1699 iu
641 1642 737 1701 dolore
751 1643 808 1699 sint
818 1642 889 1699 mol·

95 1736 201 1806 liores;
231 1737 350 1813 gloriam
374 1738 532 1815 negligant,
558 1738 725 1816 frangantur
749 1738 886 1796 infamia:

97 1845 185 1909 atque
199 1854 235 1891 ea
248 1835 365 1909 quidem
378 1854 437 1892 non
452 1836 521 1893 satis
535 1847 709 1895 constanter.
902 1844 933 1893 15

87 1995 96 2016 ι
136 1931 198 1988 Sed
213 1930 259 2001 iia,
272 1931 322 2005 qui
336 1930 443 1988 habent
457 1952 474 1989 a
487 1933 590 1989 natura
611 1934 775 2009 adjumenta
791 1951 888 1989 rerum

98 2028 304 2104 gerendarum,
315 2027 427 2104 abjecti
436 2030 515 2086 omui
524 2031 720 2100 cunctatione,
731 2030 889 2105 adipiscen-

99 2124 130 2180 di
144 2124 341 2199 magistratus,
356 2133 385 2180 ct
398 2126 536 2201 gerenda·
547 2125 713 2199 respublica
730 2135 781 2181 est.
822 2123 889 2179 Nec

98 2221 179 2277 enim
194 2220 275 2278 aliter
291 2229 340 2277 aut
360 2221 422 2297 regi
443 2222 555 2291 civitas,
572 2231 625 2277 aut'
640 2220 779 2276 declarari
801 2219 889 2275 animi

99 2316 280 2394 magnitudo,
289 2327 391 2392 potest.
419 2316 645 2393 Capessentibus
655 2326 749 2373 autern
757 2314 890 2388 rempub-
903 2328 934 2375 20

97 2412 188 2469 licam
205 2412 298 2470 nihilo
313 2413 418 2483 minus,
433 2432 517 2487 quam
532 2411 716 2488 philosophis,
732 2410 808 2467 haud
828 2409 890 2467 scio

9 2513 11 2542 ²
100 2528 136 2566 au
157 2509 251 2585 magis
265 2510 364 2579 ctiam,
379 2519 407 2566 et
421 2509 644 2586 magnificentia,
659 2516 688 2565 et
702 2507 891 2583 despicientia

100 2605 267 2668 adhibenda
288 2605 326 2662 sit
347 2623 442 2663 rerum
464 2605 663 2676 humanarum,
687 2614 716 2661 et
738 2623 783 2676 ea,
805 2622 890 2679 quam

99 2721 177 2778 saepe
191 2701 268 2774 dico,
284 2712 312 2760 et
326 2702 517 2778 tranquillitas
532 2701 619 2758 animi
634 2712 719 2776 atquc
733 2701 889 2771 securitas3

101 2798 124 2856 si
138 2798 257 2873 quidem
272 2818 328 2857 uec
343 2799 420 2856 anxii
434 2798 522 2855 futuri
537 2777 613 2869 suut,
628 2807 656 2855 et
671 2816 737 2854 cum
752 2798 890 2874 gravitate
904 2804 935 2852 25

101 2896 323 2972 constantiique
350 2894 463 2952 victuri.
503 2894 581 2956 Quae
605 2913 641 2950 eo
668 2893 799 2951 faciliora
825 2903 892 2951 suut
933 2943 936 2946 ,

98 2991 291 3068 philosophia,
315 3009 371 3067 quo
394 2991 490 3049 miuus
511 2990 603 3048 multa
624 3000 722 3067 patent
741 2991 771 3048 in
792 3010 892 3048 eorum

100 3088 172 3163 rita,
187 3107 252 3165 quae
273 3088 390 3147 fortuna
408 3086 504 3161 feriat,
516 3096 547 3147 et
560 3105 618 3161 quo
630 3086 726 3146 minus
740 3086 837 3147 multis
849 3104 895 3143 re-
