2167 3609
7 373 8 404 ι
101 356 172 418 ur]
400 358 444 405 on
465 357 611 406 ormcue.
903 350 945 411 83

7 549 8 572 ,
104 507 174 564 odia
206 504 358 565 hominnm
392 507 559 580 incurrunt,
588 517 620 565 ut
652 506 832 583 portitorum,
865 516 899 566 nt

104 602 320 662 foeneratorum.
361 603 520 662 Illiberales
535 614 630 662 autem
644 614 673 662 et
687 591 795 663 sordidi
808 623 898 679 quaes·

103 709 151 757 tus
170 701 428 773 mercenariorum,
443 701 640 775 omniumque,
655 720 773 776 qnorum
792 720 896 776 opere,

104 815 163 854 non
184 807 270 869 artes,
292 807 442 854 emuntur:
465 807 509 854 est
527 797 607 855 enim
627 797 684 853 illis
704 797 767 872 ipsa
786 816 897 855 merces

105 903 355 951 auctoramentum
369 893 522 951 servitutis.
565 893 682 951 Sordidi
696 894 782 950 etiam
797 904 897 969 putan·
909 903 926 951 5

103 988 144 1060 di,
167 989 217 1064 qui
239 1000 404 1048 mercantur
426 1010 442 1047 a
462 989 681 1062 mercatoribus,
703 990 777 1064 quod
801 990 896 1046 statim

102 1086 247 1143 vendant:
276 1087 348 1144 nihil
370 1087 448 1144 enim
471 1087 636 1163 proficiunt,
658 1086 714 1143 nisi
743 1086 897 1144 admodum

103 1182 298 1240 mentiantur:
332 1202 387 1240 nec
420 1201 489 1239 vero
522 1183 678 1258 quidquam
709 1192 753 1238 est
785 1173 913 1258 turpius'

102 1278 239 1336 vanitate.
294 1279 479 1355 Opificesque
509 1298 610 1336 omnes
637 1279 666 1336 in
693 1277 809 1336 sordidi
836 1287 895 1336 arte

102 1384 270 1432 versantur:
292 1394 348 1433 nec
362 1376 439 1432 enirn
453 1376 609 1451 quidquam
629 1376 787 1452 ingenuum
801 1384 895 1450 potest
909 1387 940 1437 10

102 1471 211 1529 habere
245 1472 369 1530 officina.
431 1470 611 1548 Minimeque
648 1483 722 1529 artes
755 1472 799 1529 he
832 1491 893 1548 pro

102 1567 216 1639 baudae,
232 1587 296 1643 quae
315 1568 452 1626 ministre
471 1579 538 1626 eunt
552 1570 738 1644 voluptatum,
753 1575 772 1601 “
782 1569 894 1641 cetarii,

102 1664 184 1735 lanii,
206 1666 303 1739 coqui,
325 1665 455 1737 sartores,
476 1665 662 1741 piscatores,’'
678 1675 710 1723 ut
731 1666 770 1723 ait
784 1665 894 1724 Teren·

102 1761 169 1818 tius.
211 1762 298 1818 Adde
318 1763 386 1834 huc,
407 1762 432 1818 si
451 1762 557 1837 placet,
578 1764 794 1839 unguentarios,
811 1763 894 1822 salta·

7 1893 8 1948 3
102 1867 191 1928 tores,
206 1868 356 1934 totumque
370 1859 469 1917 ludum
482 1859 624 1917 talarinm.
908 1868 939 1918 15

141 1955 261 2016 Quibus
289 1964 383 2013 autem
412 1955 520 2013 artibus
548 1966 596 2012 aut
622 1957 775 2031 prudentia
805 1958 893 2033 major

102 2050 187 2123 inest,
214 2062 263 2108 aut
290 2071 348 2109 non
375 2052 528 2109 mediocris
555 2052 664 2109 utilitas
690 2054 834 2127 quaeritur,
860 2064 894 2110 ut

101 2149 258 2220 medicina,
287 2158 318 2205 ut
345 2149 547 2219 architectura,
575 2158 607 2205 ut
633 2148 767 2206 doctrina
797 2168 892 2207 rerum

7 2287 8 2290 ,
101 2245 298 2316 honestarum,
314 2246 358 2303 hae
378 2255 445 2302 sunt
465 2245 510 2316 iis,
530 2263 652 2319 quorum
673 2244 768 2301 ordini
788 2264 893 2302 conve·

100 2341 196 2413 niunt,
225 2343 360 2400 honeste.
414 2340 582 2399 Mercatura
609 2350 713 2413 eutem,
741 2341 765 2399 si
797 2341 892 2399 tenuis
906 2356 937 2405 20

100 2449 155 2509 est,
170 2438 288 2495 sordida
306 2440 436 2514 putanda
454 2448 515 2495 est:
536 2438 582 2495 sin
602 2457 707 2515 magna
722 2448 752 2495 et
765 2438 891 2513 copiosa,

99 2535 193 2592 multa
206 2534 334 2610 undique
349 2545 511 2610 apportans,
522 2535 676 2610 multisque
690 2536 752 2593 sine
766 2534 892 2593 vanitate

101 2631 280 2706 impertiens,
295 2642 411 2688 nonest
431 2632 584 2689 admodum
603 2632 797 2709 vituperanda.
838 2633 892 2690 At·

101 2745 158 2802 que
172 2727 271 2798 etiam,
290 2727 325 2799 ei,
347 2728 451 2784 satiata
463 2738 584 2803 questu,
603 2727 646 2786 vel
661 2740 799 2787 contenta
818 2730 891 2805 poti·

101 2843 145 2895 us,
160 2834 192 2881 ut
212 2843 289 2900 saepe
309 2844 345 2882 ex
365 2824 423 2881 alto
443 2824 473 2882 in
493 2836 616 2902 portum,
631 2845 667 2883 ex
680 2826 743 2901 ipso
762 2838 846 2901 portu
861 2828 890 2884 in
903 2832 935 2881 25

101 2940 186 3019 apros
200 2939 232 2978 se
246 2922 499 2998 possessionesque
519 2923 683 2993 contulerit,
697 2922 808 2980 videtur
825 2923 890 2999 jure

99 3018 211 3094 optimo
230 3037 317 3094 posse
336 3018 456 3077 laudari.
508 3018 647 3077 Omnium
669 3028 763 3076 autem
783 3038 889 3091 rerum,

7 3165 8 3168 ,
98 3134 135 3173 ex
149 3115 257 3194 quibus
271 3115 378 3195 aliquid
392 3116 557 3191 acquiritur,
572 3115 643 3173 nihil
657 3124 701 3173 est
715 3114 890 3193 agricultura
