2167 3609
107 343 177 407 ιι]
398 336 440 394 uu
461 345 606 394 ormcus.
901 331 941 391 53

146 465 257 568 Atque,
271 492 360 551 etiam
381 493 410 551 in
430 493 648 552 secundissimis
662 493 758 564 rebus,
772 492 896 552 maxime

106 600 150 647 est
172 590 313 648 utendum
335 590 455 648 consilio
477 591 651 660 amicorum
683 590 785 665 hisque
805 590 895 666 major

102 686 205 757 etiam,
221 704 307 761 quam
323 696 398 756 ante,
413 687 566 744 tribuenda
581 686 743 744 auctoritas.
777 685 896 743 Iisdem·

103 801 164 857 que
179 783 358 858 temporibus
374 783 534 839 cavendum
548 792 601 854 est,
615 801 653 839 ne
673 782 896 839 assentatoribus

103 878 317 953 patefaciamus
331 897 424 951 aures,
438 898 494 936 nec
509 878 619 936 adulari
633 896 687 935 uos
700 878 843 935 sinamus:
864 878 895 935 in
908 881 925 930 5

106 993 166 1049 quo
180 974 241 1030 salli
256 973 342 1031 facile
356 984 408 1032 est.
448 974 539 1031 Tales
558 973 636 1031 enim
650 992 704 1030 nos
719 971 817 1053 [tuuc]
833 992 895 1031 esse

104 1079 252 1145 putamus,
275 1079 307 1126 ut
324 1070 388 1145 jure
408 1070 575 1127 laudemur:
603 1088 640 1127 ex
662 1088 719 1144 quo
738 1081 895 1126 nascuntur
956 1137 960 1147 1

106 1165 332 1223 innumerabilia
340 1177 479 1241 peccata:
501 1185 568 1224 cum
582 1166 723 1236 homines,
735 1164 826 1222 inflati
837 1163 897 1240 opi·

105 1261 256 1332 niunibus,
271 1262 392 1337 turpiter
412 1261 577 1333 irridentur,
592 1273 621 1320 et
641 1263 671 1319 in
691 1261 822 1318 maximis
836 1279 896 1318 ver·

105 1370 208 1415 santur
222 1359 376 1415 erroribus.
419 1358 476 1416 Sed
492 1358 554 1416 baec
569 1359 683 1433 quidem
697 1357 845 1416 hactenus.
894 1417 897 1424 ,
910 1365 941 1415 10

146 1453 225 1510 Illud
247 1464 342 1512 autem
357 1453 400 1511 sic
413 1464 457 1511 est
468 1454 668 1530 judicandum,
682 1455 820 1512 maximas
834 1453 896 1531 geri

105 1569 163 1617 res,
179 1559 208 1607 et
230 1550 347 1607 maximi
368 1551 466 1617 animi,
482 1551 518 1607 ab
538 1551 575 1607 iis
595 1551 643 1625 qui
664 1550 840 1625 respublicas
854 1568 896 1607 re·

105 1655 188 1722 gant,
202 1646 281 1720 quod
299 1665 398 1704 earum
418 1647 626 1704 administratio
639 1646 776 1703 latissime
789 1656 895 1722 pateat,

107 1742 146 1798 ad
174 1741 370 1818 plurimosque
397 1742 547 1817 pertineat.
589 1742 662 1799 Esse
683 1752 778 1800 autem
798 1741 896 1818 magni

109 1837 210 1909 animi,
225 1849 254 1895 et
267 1838 365 1909 fuisse,
379 1840 483 1896 multos
503 1839 589 1897 etiam
610 1840 640 1897 in
658 1839 716 1896 vitia
729 1839 832 1909 otiosi,
846 1837 895 1913 qui
910 1843 941 1892 15

108 1945 159 1991 aut
173 1934 379 2010 investigarent
393 1945 442 1992 aut
453 1946 626 1992 conarentur
637 1954 742 2012 magna
755 1933 894 2010 quaedam,

108 2048 231 2105 seseque
251 2048 367 2087 suarum
388 2049 483 2088 rerum
498 2031 603 2089 finibus
617 2031 814 2099 continerent;
836 2041 894 2102 aut,

108 2125 254 2201 interjecti
276 2126 349 2183 inter
369 2126 555 2202 philosophos
571 2137 600 2182 et
617 2126 730 2200 eosqui
744 2126 896 2200 rempubli-

108 2240 175 2279 cam
191 2221 432 2294 administrarent,
448 2221 659 2278 delectarentur
669 2239 700 2276 re
714 2221 766 2276 sui
777 2219 895 2276 familia·

108 2318 144 2389 ri,
160 2337 219 2375 non
234 2337 297 2375 eam
312 2318 427 2392 quidem
446 2317 525 2374 omni
547 2317 659 2374 ratione
680 2325 894 2391 exaggerantes,
908 2328 941 2377 α)

9 2473 10 2488 ,
107 2434 205 2489 neque
225 2414 412 2471 excludentes
433 2416 469 2472 ab
489 2414 550 2489 ejus
572 2431 625 2469 usu
639 2431 723 2481 sucs;
743 2411 895 2487 potiusque

9 2501 10 2508 ἵ
107 2521 138 2569 et
161 2511 262 2568 amicis
283 2510 488 2586 impertientes,
503 2520 531 2567 et
551 2509 727 2584 reipublicae,
741 2509 766 2566 si
780 2508 895 2582 quaudo

108 2626 180 2665 usus
197 2617 281 2664 esset
321 2606 398 2668 Qum
417 2606 541 2681 primum
563 2605 636 2663 bene
655 2614 736 2682 parta
755 2603 801 2675 sit,
815 2603 894 2662 nullo

108 2720 205 2776 neque
226 2702 303 2778 turpi
327 2712 446 2777 quaestu,
467 2719 561 2776 neque
581 2700 700 2758 odioso:
728 2709 787 2756 tum
809 2718 893 2773 quam

107 2797 251 2873 plurimis,
262 2797 348 2854 modo
359 2797 463 2875 dignis,
475 2816 505 2853 se
516 2797 615 2853 utilem
625 2798 750 2872 praebeat
762 2814 768 2851 :
790 2794 893 2852 deinde
906 2800 938 2849 25

110 2905 250 2970 augeatur
277 2895 399 2966 ratione,
427 2893 587 2970 diligentis,
611 2891 805 2967 parsimonii3
837 2910 893 2948 nec

108 3086 321 3156 beneficentiae,
340 3085 473 3167 [pateat]
504 3086 579 3145 Haec
597 3084 764 3160 prescripta
782 3100 894 3141 servan·

346 3181 392 3239 μ
