2167 3609
133 342 190 400 134
466 352 510 398 ns
531 351 677 399 orarons.
883 351 965 412 [nn.

215 501 322 577 Atque,
343 500 373 560 in
394 500 450 559 hac
475 500 605 577 pernicie
631 498 807 575 reipublicae,
827 498 963 556 ncillam

176 598 290 674 quidem
323 608 547 673 consequuntur,
575 616 659 672 quarn
693 604 804 672 putant,
832 596 963 672 gratiam.

176 695 263 763 Nam,
279 696 327 753 cui
348 715 393 753 res
414 705 512 770 erepta
525 705 578 766 est,
593 705 636 751 est
651 693 785 750 inimicus
794 713 801 763 ;
824 692 871 750 cui
886 692 962 766 data,

176 792 262 848 etiam
277 791 437 848 dissimulat
451 810 482 847 se
494 792 626 867 accipere
637 789 776 847 voluisse:
797 798 826 845 et
840 788 963 846 maxime

146 888 206 944 5in
226 888 358 963 pecuniis
379 887 496 945 creditis
512 887 640 943 occultat
660 905 743 943 suurn
766 886 912 962 gaudium,
927 904 963 943 ne

175 984 304 1041 videatur
324 1004 383 1041 non
404 984 492 1040 fuisse
512 983 658 1040 solvendo.
700 982 740 1039 At
754 1000 821 1038 vero
842 980 899 1053 ille,
914 981 963 1056 qui

177 1081 284 1157 accipit
314 1080 456 1157 injuriam,
484 1090 514 1137 et
540 1079 681 1151 meminit,
708 1090 738 1135 et
763 1098 822 1155 prae
850 1097 881 1135 se
909 1077 965 1135 lert

177 1178 304 1235 dolorem
329 1197 429 1234 suum:
457 1196 522 1249 nec,
547 1176 571 1233 si
594 1175 690 1252 plures
714 1186 780 1232 sunt
804 1174 835 1247 ii,
860 1174 965 1250 quibus

177 1273 306 1349 improbe
336 1273 434 1331 datum
461 1283 514 1344 est,
541 1292 626 1349 quam
654 1272 694 1329 illi
721 1272 825 1347 quibus
859 1271 964 1347 injuste

132 1383 163 1431 10
178 1371 340 1446 ademptum
361 1380 413 1439 est,
429 1370 539 1426 idcirco
559 1369 623 1445 plus
643 1369 730 1425 etiam
752 1368 853 1425 valent.
894 1367 966 1425 Non

177 1465 255 1522 enim
288 1484 408 1522 numero
442 1467 505 1522 haec
536 1465 712 1541 judicantur,
742 1465 792 1521 sed
825 1465 966 1540 pondere.

175 1562 274 1623 Quam
296 1572 390 1618 autem
406 1562 491 1619 habet
508 1561 680 1637 aequitatem,
695 1573 726 1618 ut
741 1579 850 1637 agrum,
867 1560 968 1617 multis

177 1659 260 1716 annis
275 1659 423 1715 autetiam
438 1659 552 1715 seculis
567 1668 632 1715 ante
645 1676 818 1735 possessum,
833 1656 882 1731 qui
901 1658 969 1714 nul-

176 1753 234 1811 lum
255 1755 364 1826 habuit,
380 1755 498 1824 habeat3
520 1757 570 1829 qui
592 1766 687 1811 autem
708 1753 816 1826 habuit,
832 1753 965 1811 amittatl

132 1956 162 2005 15
215 1945 331 2004 XXIII.
353 1948 409 2018 Ac,
423 1957 536 2023 propter
558 1946 613 2004 hoc
634 1945 744 2022 injuriae
758 1965 859 2022 genus,
874 1944 969 2003 Lace-

176 2043 309 2100 daemonii
329 2043 507 2119 Lysandrum
522 2045 661 2118 ephorum
677 2041 861 2117 expulerunt;
885 2042 969 2118 Agin

175 2157 274 2215 regem
287 2138 376 2216 (quod
392 2158 538 2213 nunqnam
554 2149 639 2195 antea
651 2139 727 2214 apud
739 2156 789 2194 eos
802 2138 965 2218 acciderat)

175 2247 366 2293 necaverunt:
388 2255 423 2292 ex
444 2255 535 2310 eoque
556 2246 684 2310 tempore
705 2245 790 2292 tantae
811 2235 970 2294 discordia

176 2343 282 2390 secutae
297 2343 372 2403 sunt,
388 2342 419 2389 nt
433 2343 462 2389 et
475 2332 588 2407 tyranni
607 2332 786 2402 exsisterent,
802 2342 830 2387 et
844 2331 968 2406 optima-

129 2432 161 2481 20
175 2438 218 2485 tes
238 2429 505 2499 exterminarentur,
521 2438 550 2484 et
569 2427 785 2503 praeclarissime
807 2427 969 2486 constituta

176 2524 337 2599 respublica
350 2524 540 2581 dilaberetur:
562 2542 617 2580 nec
629 2542 695 2581 vero
709 2524 801 2579 solum
816 2522 876 2599 ipsa
887 2522 967 2580 oeci-

176 2620 231 2690 dit,
248 2620 298 2676 sed
319 2620 405 2677 etiam
427 2620 567 2694 reliquam
594 2619 738 2677 Graeciam
765 2619 867 2676 evertit
894 2638 967 2675 con·

175 2716 339 2791 tagionibus
358 2716 508 2787 malorum,
524 2734 597 2791 quae,
613 2735 629 2772 a
649 2714 879 2772 Lacedaemoniis
900 2734 966 2790 pro·

176 2811 267 2882 fectae,
289 2812 441 2868 manarunt
467 2811 562 2868 latius.
602 2811 705 2873 Quidl
733 2822 846 2867 nostros
872 2811 967 2868 Grac-

129 2912 161 2962 25
175 2904 254 2976 chos,
276 2905 324 2964 Ti.
346 2906 484 2977 Gracchi,
506 2905 610 2962 summi
638 2905 700 2977 viri,
722 2905 806 2976 filios,
828 2905 966 2964 Africani

174 3010 303 3076 nepotes,
331 3020 429 3069 nonne
456 3000 574 3078 agrariae
602 3001 804 3074 contentiones
830 3001 965 3079 perdide,

174 3096 261 3159 runtl
