2167 3609
158 366 198 426 53
442 378 446 386 ·
497 368 540 415 nn
559 368 703 417 orncus.
911 373 994 434 rur.

244 515 362 581 XXIX.
383 519 487 578 Omnis
509 530 606 577 autem
627 520 703 579 aetio
720 538 823 578 vacare
845 521 932 581 debet
951 535 995 581 te·

205 620 336 678 maritate
343 628 372 675 et
380 617 573 694 negligentid;
588 635 644 674 neo
653 631 722 675 vero
731 637 814 694 agere
827 619 993 695 quicquam,

207 716 289 792 nujus
315 733 374 772 non
401 713 491 790 possit
514 732 631 770 oausam
657 715 834 789 probabilem
860 716 993 773 reddere.

208 811 282 872 Haeo
296 821 345 869 ¹est
365 810 443 867 enim
463 809 522 865 sere
545 793 700 885 descriptio
719 810 816 869 offioii.
857 811 995 869 Efficien-

175 909 276 965 suum
304 918 399 966 autem
426 916 479 977 est,
501 914 533 962 ut
556 906 698 980 appetitus
717 907 824 964 rationi
846 909 993 981 obediant,

207 1022 327 1079 eamque
341 1020 434 1079 neque
447 1011 633 1078 praecurrant,
644 1020 710 1074 nee,
721 1013 835 1079 propter
848 1003 994 1081 pigritiam

209 1112 259 1159 aut
272 1100 426 1178 ignaviam,
440 1098 590 1167 deseraut3
612 1097 725 1173 sintque
739 1099 896 1174 tranquilli,
909 1111 994 1175 atque

182 1197 287 1274 ‚omni
307 1194 520 1271 perturbatione
540 1193 628 1250 animi
649 1204 782 1252 careant:
804 1214 840 1251 er
859 1197 995 1270 quoelu-

208 1292 286 1349 oebit
317 1290 410 1349 omnis
444 1290 616 1362 constantia,
641 1290 791 1366 omnisque
824 1292 994 1351 moderatio.

162 1399 193 1449 10
207 1387 284 1445 Num
306 1387 362 1461 qui¹
377 1385 519 1461 appetitus
538 1386 653 1463 longius
673 1397 840 1464 evagantur,
868 1397 898 1445 et
918 1387 996 1466 (tan-

206 1502 292 1560 quam
312 1483 487 1540 exsultantes
508 1481 568 1539 sive
590 1482 735 1558 cupiendo
756 1484 816 1541 sive
840 1484 994 1565 fugiendo)

207 1599 265 1638 non
280 1580 348 1637 satis
360 1579 495 1637 aratione
505 1579 676 1652 retinentur,
686 1580 716 1638 hi
727 1580 789 1637 sine
803 1581 894 1637 dubio
905 1580 996 1638 finem

207 1686 236 1734 et
262 1676 379 1733 modum
401 1685 566 1734 transeunt:
595 1675 759 1751 relinquunt
781 1677 904 1733 enimet
926 1677 996 1753 abji-

208 1773 290 1830 ciunt
310 1772 523 1842 obedieutiam3
544 1791 601 1829 neo
614 1772 719 1830 rationi
738 1782 849 1848 parent,
864 1773 912 1830 oui
927 1782 996 1831 suut

163 1879 194 1928 15
208 1869 330 1946 subjeoti
350 1870 414 1945 lege
434 1878 563 1926 natura:
586 1869 719 1943 aquibus
734 1889 790 1927 non
804 1869 890 1926 modo
905 1869 996 1927 animi

207 1967 419 2042 perturbantur,
435 1965 484 2022 sed
499 1965 587 2022 etiam
601 1983 730 2040 corpora.
772 1964 856 2021 Lioet
868 1984 920 2022 ora
933 1966 999 2040 ipsa

209 2081 328 2121 cernere
348 2063 494 2133 iratorum,
511 2071 559 2120 aut
572 2079 670 2119 eorum
684 2060 733 2136 qui
749 2070 797 2118 aut
810 2060 930 2118 libidine
946 2061 999 2118 ali·
1051 2071 1055 2079 '

209 2159 266 2235 qud
281 2168 329 2219 aut
343 2167 421 2216 metu
435 2158 572 2215 commoti
586 2168 662 2228 sunt,
678 2165 726 2214 aut
739 2157 883 2233 voluptate
903 2157 997 2215 nimia

210 2257 352 2333 gestiunt3
374 2273 494 2329 quorum
514 2254 643 2312 omnium
662 2253 765 2324 vultus,
780 2271 875 2325 voees,
890 2264 996 2326 motus,

162 2366 195 2416 20
208 2362 366 2427 statusque,
381 2360 534 2408 mutantur.

249 2447 295 2505 Ex
314 2446 417 2522 quibus
437 2447 507 2504 illud
528 2445 704 2522 intelligitur,
720 2444 766 2523 (ut
784 2446 820 2502 ad
835 2444 924 2502 officii
940 2445 999 2502 for·

210 2562 286 2601 marn
306 2543 493 2621 revertamur)
510 2542 650 2618 appetitus
669 2560 769 2600 omnes
783 2541 999 2600 contrahendos

211 2637 418 2712 sedandosque,
447 2637 685 2711 excitandamque
719 2637 997 2695 animadversionem

204 2745 240 2794 ,et
259 2732 447 2810 diligentiam,
467 2743 499 2790 ut
518 2752 555 2790 ne
575 2732 643 2810 quid
668 2744 776 2791 temere
805 2753 839 2791 ao
863 2733 996 2804 fortuitu,

163 2830 431 2901 &inconsiderata
460 2830 696 2906 negligenterque
724 2847 848 2907 agamus.
889 2828 996 2905 Neque

210 2927 288 2984 enirn
307 2926 348 2983 ita
366 2926 496 3003 generati
517 2944 534 2982 a
553 2925 656 2983 naturb
675 2944 784 2996 snmus,
797 2935 829 2982 ut
843 2924 878 2981 ad
893 2924 995 2983 ludum

211 3029 241 3076 et
256 3018 355 3094 jocum
369 3018 438 3076 faeti
452 3037 515 3078 esse
528 3018 685 3090 videamur,
700 3018 750 3078 sed
766 3019 800 3074 ad
814 3017 995 3077 severitatem

210 3113 315 3195 potius,
330 3123 358 3171 et
372 3115 408 3172 ad
421 3115 551 3192 quaedam
568 3114 664 3173 studia
682 3113 812 3192 graviora
831 3123 917 3189 atque
936 3132 997 3173 ma·
