2167 3609
99 318 169 417 tt]
402 350 446 401 os
469 351 615 403 osorem.
902 342 943 404 to

5 529 7 570 r
99 524 153 563 sno
174 502 424 561 collocandorum.
466 502 569 579 Itaque
591 502 703 561 ridetur
726 500 829 562 eadem
851 500 896 560 vis

100 602 211 660 ordinis
231 611 262 657 et
284 600 488 657 collocationis
508 600 581 658 soret
619 599 698 658 Nam
716 610 746 658 et
763 600 896 658 ordinem

99 700 143 757 sio
177 698 333 767 definiunt,
362 697 602 772 compositionem
635 716 732 755 rernm
766 697 840 773 aptis
865 705 896 753 et

101 795 330 854 accommodatis
361 794 443 851 locis.
484 793 597 853 Locum
632 804 728 851 autem
761 793 895 865 actionis,

100 892 348 969 opportunitatem
372 892 509 967 temporis
529 910 594 948 esse
614 890 724 947 dicunt.
765 890 927 965 Tempust

102 1003 200 1047 autem
229 989 353 1046 actionis
386 998 579 1064 opportunum
612 988 717 1045 Graece
750 992 896 1059 Eductpta,

100 1085 207 1145 Latine
229 1086 387 1162 appellatur
409 1086 526 1142 occasio.
568 1085 620 1143 Sic
640 1085 682 1156 fit,
704 1094 736 1141 ut
755 1083 898 1141 modestia

100 1183 177 1256 baec,
198 1201 285 1258 quam
309 1183 351 1239 ita
371 1183 604 1258 interpretamur,
624 1192 657 1240 ut
683 1181 753 1254 dixi,
774 1180 898 1238 scientia

100 1281 139 1337 sit
160 1279 385 1355 opportunitatis
405 1278 577 1337 idoneorum
599 1282 635 1337 ad
660 1279 804 1357 egendum
826 1288 898 1335 tem·

100 1394 215 1452 porum.
912 1384 943 1432 lt)

141 1475 202 1531 Sed
222 1484 318 1550 potest
338 1473 441 1530 eadem
455 1491 518 1530 esse
531 1471 692 1549 prudentiae
705 1470 845 1543 definitio,
860 1470 897 1528 de

100 1570 159 1645 qud
185 1570 330 1646 principio
362 1569 505 1627 diximus:
540 1569 596 1626 boe
631 1578 727 1625 autem
759 1567 826 1625 loco
860 1566 897 1624 de

99 1667 302 1724 moderatione
323 1677 353 1723 ct
373 1665 735 1741 temperantissimum
755 1665 898 1722 similibus

100 1764 267 1835 virtutibus,
292 1763 455 1838 quaerimus.
507 1762 619 1838 Itaque,
641 1781 703 1838 quoe
728 1772 811 1820 erant
832 1781 898 1838 pru·

99 1860 208 1917 dentiae
227 1862 354 1936 propris,
370 1880 423 1917 sno
436 1861 503 1917 loco
516 1860 693 1918 dictasunt:
715 1879 778 1935 quae
800 1870 896 1918 autem
912 1864 945 1913 15

100 1958 204 2015 harum
233 1958 381 2028 virtutum,
408 1956 446 2013 de
473 1958 578 2033 quibus
601 1957 713 2033 jamdiu
740 1957 894 2032 loquimur,

99 2074 165 2129 qnae
193 2055 341 2130 pertinent
369 2054 405 2111 ad
432 2054 648 2124 verecundiam,
676 2063 705 2111 et
733 2054 769 2111 ad
795 2072 896 2110 eornm

99 2151 350 2227 approbationem,
378 2150 551 2225 quibuscum
582 2150 714 2220 vivimus,
741 2168 821 2206 nunc
855 2148 897 2205 di-
958 2193 961 2198 ,

99 2250 197 2306 cenda
210 2258 287 2306 sunt.

137 2343 226 2404 Talis
246 2355 290 2402 est
314 2344 403 2421 igitur
429 2344 502 2402 ordo
530 2341 678 2400 actionum
706 2340 895 2412 adhibendus,
912 2348 944 2398 m

97 2452 141 2513 ut,
162 2442 409 2517 quemadmodum
430 2441 460 2498 in
480 2440 611 2499 oratione
631 2439 787 2510 constanti,
801 2437 845 2495 sic
866 2438 896 2496 in

97 2541 168 2609 titt,
191 2540 291 2596 omnia
311 2539 370 2596 sint
392 2549 457 2613 apta
476 2537 552 2595 inter
579 2557 611 2594 se
634 2547 664 2594 et
684 2536 895 2596 convenientia.

98 2635 202 2713 Turpe
216 2647 260 2693 est
274 2637 363 2708 enim,
378 2635 517 2710 valdeque
530 2636 675 2708 vitiosum,
690 2635 721 2693 in
738 2654 771 2692 re
785 2634 895 2704 severi,

99 2732 228 2790 convivii
259 2733 347 2803 dicta,
378 2741 427 2789 aut
454 2732 610 2790 delicatum
637 2733 762 2807 aliquem
789 2730 895 2788 inserte

98 2847 273 2887 sennonem.
316 2828 396 2886 Rene
417 2828 557 2901 Pericles,
579 2849 645 2887 oum
666 2830 785 2886 baberet
809 2829 895 2886 colle·
910 2828 943 2878 25

97 2944 168 3003 gam
188 2925 220 2981 in
240 2925 367 2999 prastmti
395 2925 571 3001 Sophoclem
597 2930 723 3001 politam,
744 2924 830 3000 hique
858 2926 895 2982 de

5 3009 6 3022 ¹
98 3022 252 3082 conmuni
274 3021 371 3079 officio
390 3024 605 3094 convenissent,
619 3034 649 3079 et
669 3041 739 3079 casn
754 3022 895 3081 formosus

5 3139 7 3176 ι
97 3135 173 3195 puer
193 3117 364 3194 pmterirct,
379 3117 554 3194 dixissetque
575 3116 745 3193 Sophocles,
760 3116 897 3190 “Opue·
