2167 3609
143 345 184 406 32
475 358 520 407 nn
543 357 689 406 onereris.
901 346 971 408 [la-¹·

189 506 258 577 due;
280 506 426 584 quidnam,
440 509 582 567 beneficio
600 506 758 586 provocati,
773 505 869 565 faeere
889 505 977 563 debe·

189 605 275 660 musi
306 623 342 661 an
364 624 421 663 non
445 605 551 662 imitari
576 623 659 681 agros
681 603 799 675 fertiles,
813 602 862 677 qui
884 602 976 660 multo

188 700 253 775 plus
277 701 407 773 efferunt,
425 720 510 777 quam
535 702 728 777 aeceperunti
763 700 889 771 Etenim,
904 700 928 757 si
943 699 976 757 in

156 857 159 864 ,
190 814 250 868 eos,
265 816 336 872 quos
351 817 497 874 speramus
518 799 602 856 nobie
624 797 796 874 profuturnm,
812 815 869 853 non
893 796 976 852 dubi-

159 897 283 950 5tamue
304 895 401 952 efficia
422 895 570 964 conferre3
599 896 697 970 quales
717 894 746 951 in
768 912 818 950 eos
840 912 903 949 esse
926 893 976 949 de·

190 989 300 1062 bernus,
323 991 371 1066 qui
396 991 455 1066 jam
481 991 671 1067 profuerunt?
710 989 798 1059 Nam,
822 1007 889 1046 eum
916 989 976 1046 duo

190 1104 297 1162 genera
322 1087 501 1145 liberalitatis
521 1087 589 1159 sint,
610 1105 699 1144 unum
719 1086 806 1143 dandi
831 1085 975 1157 beneficii,

191 1182 311 1240 alterum
331 1184 488 1254 reddendi;
510 1186 620 1255 demus,
635 1202 738 1254 neone,
754 1182 783 1240 in
808 1183 906 1240 nostra
925 1201 977 1257 po-

190 1287 293 1335 testate
317 1289 378 1337 est:
407 1299 465 1336 non
487 1281 616 1351 reddere,
638 1280 699 1337 viro
720 1280 797 1336 bono
817 1298 876 1336 non
896 1279 976 1350 lieet,

146 1378 177 1427 10
191 1375 278 1431 mode
293 1375 321 1432 id
337 1375 432 1432 faeere
445 1376 535 1452 possit
549 1376 612 1433 sine
626 1376 739 1452 injurii.

230 1471 426 1546 Aeeeptorum
441 1481 535 1529 autem
547 1472 752 1530 beneficiorum
767 1482 833 1529 sunt
846 1472 978 1529 delectus

192 1567 325 1625 habendi.
367 1566 434 1625 Nee
460 1568 590 1639 dubium,
618 1569 686 1644 quin
720 1569 845 1625 maximo
872 1569 978 1643 cuique

191 1664 346 1739 plurimum
369 1664 515 1722 debeatur.
556 1664 668 1741 Inque
691 1676 798 1737 tamen,
813 1666 843 1722 in
865 1665 977 1741 primia,

192 1779 248 1834 quo
271 1761 390 1836 quisque
411 1761 499 1819 animi
520 1763 615 1819 studio
643 1763 841 1820 benevolentia
865 1762 977 1834 feeerit,

148 1858 179 1907 15
192 1857 406 1932 ponderandum
434 1868 485 1915 est.
527 1857 614 1915 Multi
641 1859 719 1916 enim
753 1859 862 1917 faciunt
889 1859 980 1917 multe

193 1954 353 2012 temeritate
375 1954 508 2029 quddam,
530 1955 602 2012 sine
614 1955 725 2031 judicio
745 1956 789 2012 vel
812 1946 919 2026 'm0d03
948 1956 979 2012 in

193 2068 295 2108 omnes
318 2051 469 2126 repentino
490 2052 625 2127 quodam,
645 2052 725 2128 quasi
749 2062 844 2122 vente,
866 2044 979 2128 =impetu

195 2147 283 2204 enimi
298 2147 426 2205 incitati:
448 2167 511 2223 quae
533 2149 675 2206 beneficia
696 2167 776 2223 aeque
797 2167 979 2225 magnanon

194 2254 261 2301 sunt
275 2244 416 2318 habenda,
432 2255 515 2320 atque
525 2264 571 2316 ea,
582 2264 644 2319 quae
656 2245 776 2320 judicio,
788 2245 980 2316 considerate,

147 2348 180 2399 20
196 2351 416 2416 constanterque
435 2342 532 2399 delata
556 2351 631 2399 eunt.
673 2342 742 2413 Sed,
758 2341 788 2398 in
810 2342 981 2400 collocando

194 2436 344 2507 benefici0,
360 2446 388 2494 et
409 2436 438 2493 in
458 2437 609 2494 referendi
629 2438 731 2513 gretia,
746 2437 770 2494 si
784 2447 888 2495 cetera
900 2439 983 2513 paria

195 2531 261 2602 sint,
278 2531 332 2588 hoe
346 2531 468 2588 maxime
487 2533 576 2589 efficii
597 2544 650 2604 est,
665 2544 696 2591 ut
717 2535 837 2610 quisque
858 2536 982 2594 maxime

195 2626 258 2702 opis
272 2626 408 2703 indigeat,
424 2626 465 2683 ita
485 2627 513 2684 ei
533 2629 712 2703 potissimum
733 2630 883 2707 opitulari:
905 2632 983 2706 quod

195 2722 347 2780 contraiit
368 2742 384 2780 a
403 2721 554 2798 plerisque.
595 2725 623 2781 A
644 2745 701 2801 quo
721 2728 799 2784 enim
826 2728 982 2804 plurimum

148 2840 182 2890 25
195 2828 320 2894 sperant,
335 2818 447 2877 etiamsi
462 2820 509 2878 ille
523 2820 568 2879 his
581 2840 641 2881 non
654 2834 730 2901 eget,
744 2834 841 2882 tamen
855 2825 883 2882 ei
896 2825 984 2901 potis·

195 2915 298 2973 simum
313 2916 479 2976 inserviunt.

233 3107 317 3169 XVI.
338 3108 456 3188 Optime
477 3121 575 3173 autem
594 3113 719 3173 societas
742 3113 892 3175 hominum
914 3131 985 3174 een·
