2167 3609
150 322 207 385 114
490 325 533 393 oa
556 321 701 377 oratoru.
904 325 987 390 [nn.
1033 310 1036 314 ’

194 478 377 558 contigisse),
399 487 448 538 aut
469 481 565 557 aliquo
587 499 656 538 casu
681 489 765 555 atque
792 478 925 550 sottund3
954 480 984 537 in

193 578 271 635 hunc
285 577 363 634 oculi
385 578 513 635 omnium
528 577 722 654 conjiciuntur
731 597 739 647 ;
761 586 845 652 atque
860 576 891 634 in
906 596 985 648 eum,

192 673 261 749 quid
283 685 359 750 agat,
379 673 621 750 quemadmodum
642 674 726 745 vivat,
748 673 918 748 inquiritur:
945 685 983 747 et,

192 779 329 846 tanquam
350 772 379 829 in
400 759 561 829 clarissima
580 771 647 828 luce
661 781 798 843 versetur,
813 771 853 828 ita
871 770 984 829 nullum

163 871 348 927 &obscurum
375 879 468 945 potest
501 887 557 925 nec
591 864 701 925 dictum
735 868 797 944 ejus
824 887 898 939 esse,
926 886 984 926 nec

193 965 309 1025 sactum.
350 965 486 1027 Quorum
515 975 609 1022 autem
639 965 733 1041 prima
760 975 838 1035 aetas,
864 975 983 1042 propter

192 1061 384 1121 humilitatem
405 1073 434 1120 et
453 1062 667 1133 obscuritatem,
682 1061 711 1118 in
733 1059 881 1118 homiuum
902 1062 984 1139 igno

192 1159 304 1218 ratione
330 1170 474 1229 versatur,
509 1158 549 1229 hi,
579 1158 664 1215 simul
700 1177 734 1215 ac
765 1157 885 1234 juvenes
918 1177 983 1216 esse

193 1267 352 1332 coeperuut,
363 1274 469 1332 magua
482 1266 622 1331 spectare,
637 1264 666 1311 et
680 1246 715 1311 ad
730 1273 765 1311 ea
778 1254 865 1311 rectis
879 1255 984 1312 studiis

149 1355 180 1410 10
194 1352 300 1409 debent
330 1351 523 1408 contendere:
559 1351 635 1426 quod
662 1370 698 1407 eo
724 1350 849 1408 firmiore
885 1351 983 1409 auimo

193 1448 311 1519 sacient,
325 1447 393 1524 quia
412 1467 470 1505 uon
490 1448 578 1505 modo
597 1466 656 1505 nou
677 1446 819 1505 invidetur
837 1447 879 1505 illi
894 1448 983 1521 aetati,

193 1544 391 1602 verumetiam
407 1544 525 1601 favetur.

232 1640 330 1698 Prima
350 1640 499 1717 igiturest
519 1640 697 1698 adolescenti
717 1640 932 1699 commendatio
947 1639 983 1699 ad

192 1737 323 1816 gloriam,
351 1738 375 1795 si
402 1757 459 1812 qua
492 1758 526 1796 ex
556 1738 668 1795 bellicis
701 1737 786 1795 rebus
820 1739 983 1814 comparari

149 1852 179 1903 15
192 1843 302 1909 potest3
337 1833 368 1890 in
401 1835 458 1909 qud
490 1834 573 1891 multi
608 1830 682 1909 apud
716 1834 838 1910 majores
868 1845 983 1893 nostros

119 1997 121 2001 ¹
193 1929 378 1988 exstiterunt:
401 1947 510 2006 semper
531 1931 609 1987 enim
631 1930 779 1988 sarabella
798 1932 981 2008 gerebantur.

193 2020 261 2085 Tua
288 2037 383 2084 autern
410 2037 478 2084 aetas
511 2025 614 2084 incidit
641 2026 670 2084 in
699 2027 726 2083 id
754 2027 870 2098 bellum,
898 2028 983 2105 cujus

169 2108 172 2116 ¹
194 2123 283 2181 altera
301 2137 367 2200 pars
387 2122 505 2180 sceleris
525 2123 645 2181 nimium
663 2124 772 2195 habuit,
789 2123 877 2180 altera
891 2123 983 2181 felici-

171 2225 174 2232 ⁴
192 2220 259 2277 tatis
272 2235 382 2296 parum.
422 2219 492 2281 Quo
513 2230 608 2277 tamen
628 2220 656 2277 in
672 2219 757 2291 bello,
772 2237 837 2276 curn
852 2230 880 2292 tc
897 2219 982 2277 Pom·

146 2328 178 2382 20
192 2317 275 2393 peius
299 2317 351 2375 alae
379 2317 460 2374 alteri
486 2316 672 2392 prefecisset,
694 2332 827 2392 magnam
853 2316 980 2388 laudem,

75 2405 77 2409 ¹
191 2424 221 2471 et
241 2433 258 2470 a
277 2432 388 2471 summo
409 2413 469 2470 viro
489 2424 518 2470 et
539 2413 575 2470 ab
595 2412 733 2484 exercitu,
755 2414 980 2488 consequebare,

191 2509 357 2583 equitando,
374 2509 541 2584 jaculando,
557 2509 636 2566 omni
656 2509 772 2565 militari
792 2508 890 2566 labore
911 2510 982 2567 tole·

191 2605 290 2661 raudo.
330 2603 428 2680 Atque
448 2623 483 2663 ea
502 2605 619 2681 quidem
639 2617 689 2663 tua
707 2605 770 2663 laus
789 2606 896 2681 pariter
913 2625 979 2663 cum

191 2698 340 2775 republica
360 2700 483 2759 cecidit:
511 2701 583 2759 mihi
605 2711 700 2759 autem
723 2702 786 2765 haec
807 2702 900 2759 oratio
921 2722 982 2760 sus·

146 2795 178 2848 25
191 2805 276 2870 cepta
295 2815 353 2854 non
368 2797 404 2854 de
418 2807 447 2856 te
461 2806 514 2868 est,
529 2797 578 2855 sed
600 2798 635 2855 de
656 2814 762 2875 genere
783 2807 861 2856 toto:
883 2818 982 2874 quam·

191 2891 289 2949 obrem
304 2911 456 2969 pergamus
471 2895 505 2951 ad
520 2913 565 2966 ea,
579 2914 642 2971 quae
656 2902 772 2952 restant.

229 2987 269 3046 Ut
283 2987 380 3065 igitur,
394 2989 424 3046 in
438 2990 556 3066 reliquis
570 2991 665 3063 rebus,
680 2993 771 3050 multo
790 2992 900 3069 majora
913 3002 982 3051 suut

191 3099 278 3164 epora
298 3083 395 3158 animi,
416 3104 503 3162 quam
524 3079 676 3165 corporis3'
694 3087 738 3145 sic
765 3088 809 3147 hta
830 3107 887 3163 res,
909 3107 981 3167 quas
