2167 3609
78 366 147 427 aa]
269 339 273 344 ’
380 366 423 413 oa
443 367 590 415 omens.
875 362 912 421 71

78 518 250 595 diligentem
271 517 409 576 fabricam
430 518 542 578 imitata
561 528 605 577 est
624 519 771 578 bominum
791 539 870 579 rere·

78 616 196 673 cundia.
238 615 316 677 Quas
346 616 423 672 enim
452 625 556 673 natura
577 617 743 690 occultavit,
767 618 869 676 eadem

78 731 191 784 omnes,
206 711 256 787 qui
271 713 341 769 sani
352 722 448 769 mente
461 723 537 784 sunt,
549 725 695 771 removent
710 715 746 772 ab
759 715 851 773 oculis
859 736 868 787 ;

78 809 192 885 ipsique
212 809 389 881 necessitati,
405 809 473 866 dant
486 828 612 885 operam,
627 820 659 866 ut
675 830 759 886 quam
773 812 870 870 occul·

76 906 191 963 tissime
199 916 333 981 pareant:
349 925 526 981 quarumque
534 906 658 981 partium
666 908 794 982 eorporis
801 927 869 966 usus
882 913 899 962 5

76 1011 148 1059 sunt
169 1002 335 1073 necessarii,
350 1021 399 1059 eas
419 1020 513 1078 neque
533 1012 638 1079 partes,
657 1022 751 1079 neque
771 1021 870 1062 earum

77 1118 160 1170 usus,
176 1099 236 1155 suis
255 1098 421 1155 nominibus
443 1098 602 1174 appellant:
624 1099 758 1173 quodque
775 1098 870 1157 lacere

77 1204 164 1270 turpe
177 1213 236 1251 non
251 1203 304 1265 est,
316 1194 401 1252 modo
412 1194 537 1266 occulte,
549 1194 578 1250 id
590 1194 687 1251 dicere
701 1196 870 1253 obscoenum

77 1300 131 1348 est.
174 1289 278 1364 Itaque
291 1309 346 1346 neo
362 1300 459 1366 aperta
473 1289 548 1347 actio
559 1309 655 1347 rerum
666 1290 777 1348 illarum
788 1301 870 1368 petu-

76 1386 171 1445 lantia
185 1397 278 1458 vacat,
290 1406 345 1443 nec
354 1386 492 1444 orationis
506 1388 688 1445 obscoenitas.
884 1393 914 1444 10

117 1484 186 1541 Nec
201 1502 268 1541 vero
283 1483 418 1541 audiendi
433 1494 499 1541 sunt
514 1484 629 1559 Cynici,
646 1495 693 1542 aut
708 1485 795 1561 siqui
810 1485 869 1544 sue·

77 1592 146 1638 runt
162 1581 257 1638 Stoici
270 1599 352 1657 paene
371 1580 485 1656 Cynici,
498 1581 548 1656 qui
565 1582 777 1657 reprehendunt
790 1593 819 1640 at
834 1583 870 1640 ir·

76 1674 185 1745 rident,
194 1674 271 1748 quod
283 1692 327 1744 ea,
338 1692 401 1748 quae
411 1673 506 1751 turpia
516 1693 548 1731 re
558 1693 617 1731 non
627 1675 693 1746 sint,
702 1674 869 1731 nominibus

77 1791 113 1829 ac
127 1770 223 1828 verbis
233 1771 377 1848 flagitiosa
387 1770 543 1843 ducamus3
559 1772 608 1830 illa
623 1783 727 1844 autem,
737 1792 800 1848 quae
812 1784 870 1830 tur·

76 1868 126 1943 pia
136 1868 205 1939 sint,
217 1867 384 1925 nominibus
399 1868 574 1945 appellemus
587 1868 654 1926 suis.
676 1868 867 1941 Latrocinari,
884 1880 915 1930 15

77 1965 222 2037 fraudare,
234 1965 404 2038 adulterare,
415 1983 445 2021 re
456 1975 538 2041 turpe
547 1975 606 2035 est3
626 1965 677 2022 sed
691 1966 796 2023 dicitur
810 1981 868 2024 non

78 2061 233 2119 obscoene:
255 2061 354 2119 liberis
375 2061 443 2119 darc
462 2080 589 2137 operam,
603 2080 635 2118 re
649 2060 799 2119 honestum
813 2072 867 2134 est,

77 2160 195 2217 nomine
209 2160 395 2216 obsooenum:
416 2159 555 2235 pluraque
570 2158 599 2214 in
614 2175 677 2213 eam
696 2158 867 2214 sententiam

79 2258 114 2314 ab
128 2257 240 2314 eisdem
256 2266 358 2313 contra
367 2254 571 2313 verecundiam
583 2252 771 2326 disputantur.
805 2251 869 2310 Nos

80 2364 174 2410 autem
190 2363 324 2410 naturam
338 2370 507 2427 sequamur3
529 2360 558 2406 et
574 2349 609 2406 ab
623 2347 711 2419 omni,
726 2348 802 2423 quod
822 2348 869 2405 ab·
882 2359 914 2410 20

79 2450 176 2507 borret
205 2450 241 2506 ab
269 2450 420 2506 oculorum
452 2447 622 2521 auriumque
653 2445 867 2522 approbatione,

80 2546 224 2622 fugiamus
281 2546 389 2616 Status,
417 2545 556 2616 incessus,
585 2542 684 2615 sessio,
714 2541 867 2614 accubitio,

79 2643 183 2714 vultus,
205 2641 295 2714 oculi,
316 2659 453 2698 manuum
474 2651 579 2713 motus,
593 2650 710 2698 teneant
729 2639 800 2697 illud
820 2638 869 2696 de·

80 2758 189 2797 corum.

116 2832 237 2894 Quibus
257 2832 287 2889 in
304 2833 391 2889 rebus
412 2832 470 2890 duo
488 2832 611 2889 maxime
628 2839 694 2888 sunt
714 2829 866 2907 fugienda;
881 2839 914 2890 25

79 2929 187 3003 nequid
201 2929 409 2987 effoeminaturn
425 2939 473 2987 aut
487 2929 583 3001 molle,
598 2940 627 2987 et
639 2926 745 3003 nequid
765 2926 868 2985 durum

81 3036 129 3083 aut
143 3026 296 3098 rusticum,
312 3026 357 3083 sit.
398 3025 465 3085 Nec
484 3044 553 3084 vero
574 3023 760 3081 histrionibus
774 3034 868 3082 orato·

15 3139 17 3172 t
80 3120 218 3196 ribusque
239 3122 461 3181 concedendum
481 3131 534 3193 est,
550 3130 582 3178 ut
595 3119 631 3177 iis
645 3119 707 3178 bec
721 3129 787 3196 apta
799 3118 867 3187 sint,
