2167 3609
99 371 170 431 us]
394 371 437 417 ou
457 370 604 419 oremus.
899 362 938 422 81

97 539 164 579 rum
178 520 292 592 obtutu,
308 538 345 577 ex
360 519 580 597 superciliorum
597 529 646 578 aut
660 518 830 578 remissione
845 529 894 579 sut

98 618 313 688 contractione,
327 636 364 675 ex
384 617 529 688 moestitiis,
544 637 581 674 ex
600 617 754 690 hilaritate,
768 637 806 676 ex
821 617 892 689 risu,

96 732 135 771 ex
147 715 308 786 looutione,
323 734 361 772 ex
373 715 536 786 reticentii,
551 734 588 772 er
601 715 787 773 contentione
800 714 891 786 vocis,

96 829 134 868 ex
155 810 360 881 submissione,
374 829 410 868 er
423 811 536 868 ceteris
550 809 701 881 similibus,
716 810 800 868 fusile
818 810 892 886 judi·

94 907 241 978 oubimus,
263 907 333 981 quid
353 925 453 964 eorum
476 917 541 982 epte
567 907 627 979 fiot,
649 907 718 982 quid
739 909 775 964 ub
795 907 921 964 officiob

96 1004 260 1078 maturique
287 1004 439 1080 discrepet.
480 1004 552 1065 Quo
574 1003 604 1060 in
631 1021 748 1080 genere,
768 1022 826 1060 non
847 1013 892 1061 est

97 1100 326 1171 incommodum,
340 1100 425 1175 quode
445 1102 580 1175 quodque
600 1119 699 1158 eorum
717 1100 764 1171 sit,
779 1118 815 1156 ex
829 1100 892 1157 eliis

94 1195 244 1271 judicsre3
267 1206 308 1267 ut,
322 1195 347 1253 si
361 1195 430 1270 quid
444 1196 587 1253 dedeoeot
601 1196 630 1253 in
645 1195 711 1265 iilis,
726 1194 848 1253 vitemus
861 1204 891 1253 et

97 1291 161 1367 ipsi.
205 1291 254 1349 Fit
274 1291 362 1364 enirn,
379 1291 481 1349 neseio
500 1310 558 1367 quo
579 1292 675 1363 modo,
695 1300 728 1348 nt
747 1290 839 1367 magis
859 1290 890 1347 in

97 1388 164 1446 eliis
184 1407 346 1460 oernomus,
360 1406 447 1464 quarn
468 1387 499 1445 in
518 1387 663 1445 nobismet
683 1386 762 1463 ipsis,
776 1386 801 1444 si
821 1386 890 1461 quid
904 1395 936 1446 10

95 1485 291 1561 delinquitur:
313 1485 410 1560 itrquo
432 1484 570 1542 facillime
591 1485 775 1561 corriguntur
789 1483 820 1541 in
834 1483 891 1541 dis·

97 1582 204 1654 cende,
215 1600 337 1658 quorum
348 1582 418 1639 vitis
432 1581 591 1654 imitantur,
602 1580 775 1641 emendandi
790 1579 889 1652 causi,

94 1679 237 1757 magistri.

137 1775 204 1835 Neo
230 1793 299 1835 vero
327 1777 453 1834 alienum
480 1786 533 1847 est,
556 1775 591 1833 ud
611 1794 647 1832 ee
666 1774 801 1851 eligendo
825 1792 890 1849 qum

95 1873 309 1931 dubitationem
330 1874 462 1945 afferunt,
478 1873 616 1930 adhibere
629 1871 732 1929 dootos
745 1870 889 1943 homines,
904 1885 935 1935 15

95 1970 140 2027 vel
161 1980 249 2027 etism
277 1987 331 2027 usu
357 1969 475 2044 peritos,
496 1978 535 2041 et,
557 1969 627 2043 quid
647 1968 692 2024 bis
718 1967 755 2024 de
775 1985 890 2043 quoque

93 2066 184 2124 officii
211 2084 319 2143 genere
345 2066 468 2142 plsoest,
488 2066 647 2141 exquirere.
688 2062 784 2139 Major
810 2063 890 2121 enim

93 2181 163 2238 pers
189 2181 226 2220 eo
252 2162 312 2219 iere
339 2162 445 2219 deferri
472 2161 555 2232 solet,
582 2180 639 2235 quo
660 2159 799 2217 ornaturi
827 2158 891 2234 ipsi

94 2260 259 2317 deducitur.
300 2257 337 2316 In
358 2259 462 2334 quibus
481 2257 637 2314 videndum
653 2264 708 2325 est,
721 2273 781 2311 non
802 2253 890 2311 modo

94 2356 165 2432 quid
186 2355 308 2431 quisque
329 2355 472 2431 loquetur,
493 2353 542 2411 sed
564 2351 663 2423 etism,
678 2350 748 2426 quid
768 2349 890 2425 quisque
903 2368 936 2419 ω

94 2452 213 2523 sentiet,
243 2462 328 2527 etque
360 2451 459 2523 etium,
487 2450 545 2525 quit
576 2449 614 2506 de
647 2448 737 2507 nansi
767 2446 890 2524 quisque

94 2549 211 2606 sentiet.
266 2548 306 2605 Ut
337 2548 417 2605 euim
449 2547 586 2623 pictores,
613 2556 643 2603 et
669 2546 691 2603 ii
722 2545 773 2621 qui
806 2544 891 2622 signs

96 2645 287 2716 fabricentur,
301 2654 331 2701 et
348 2663 417 2701 vero
438 2644 525 2701 etism
545 2648 648 2720 podtae,
663 2663 748 2702 suum
768 2643 889 2718 quisque

95 2762 168 2818 opus
183 2742 301 2818 evulgo
322 2741 500 2800 considerari
519 2741 590 2811 vult,
611 2751 652 2813 ut,
667 2739 775 2815 siquid
795 2758 889 2817 repre-

94 2841 219 2897 hensum
241 2839 278 2896 sit
299 2858 316 2896 a
334 2838 475 2914 pluribus,
491 2837 521 2894 id
542 2837 720 2913 oonigotur3
742 2837 838 2912 hique,
859 2846 889 2896 et
901 2847 934 2897 25

93 2955 196 2995 seeum
222 2945 251 2993 et
274 2954 343 2993 oum
369 2934 442 3005 odiis,
464 2934 532 3009 quid
555 2935 585 2992 in
608 2952 645 2990 eo
666 2943 819 3009 peoostum
840 2933 887 3007 sit,

93 3034 268 3109 exquiruut3
295 3032 340 3091 sio
361 3031 483 3091 eliorum
506 3030 620 3109 judicio
641 3030 785 3108 pamulte
803 3029 889 3090 nobis
