2167 3609
137 331 194 392 leo
467 329 511 384 rra
533 295 683 385 oinronn.
875 327 973 393 [nur.

180 496 343 566 paupertas,
363 504 448 562 quam
468 488 562 558 dolor,
582 505 667 562 quam
688 494 803 558 catera,
823 503 887 560 qne
907 504 974 559 poe

180 594 247 643 arant
268 594 316 642 aut
336 584 452 660 eorpori
480 583 623 654 accidere,
646 569 694 639 aut
719 582 808 638 rebus
833 581 971 638 externis.

181 680 258 739 Nam
284 681 427 757 principio
454 678 529 737 tollit
556 679 722 738 convictum
749 678 917 749 humanum,
942 687 973 734 et

181 777 359 835 societatem.
413 777 456 833 Si.
479 776 556 833 enim
590 776 634 832 eie
667 775 775 831 erimus
804 773 910 845 affecti,
939 785 973 836 ut

151 880 297 951 fipropter
317 893 401 931 suum
421 874 542 948 quisque
562 872 788 930 emolumentum
804 870 907 947 spoliet
921 880 972 928 aut

182 969 270 1028 violet
290 969 422 1040 alterurn,
442 968 581 1043 disrumpi
607 985 727 1024 neeesse
748 977 792 1023 est
811 981 885 1037 eam,
906 982 972 1042 quae

183 1067 307 1124 maxime
320 1077 364 1123 est
377 1066 537 1122 seeundum
557 1073 699 1134 naturam,
714 1063 831 1121 humani
855 1062 973 1139 generis

184 1163 361 1221 societatem.
418 1161 466 1232 Ut,
495 1162 519 1218 si
552 1160 777 1234 unumquodque
809 1160 972 1216 membrum

185 1277 301 1318 sensum
315 1258 394 1315 huno
408 1256 536 1329 haberet,
551 1267 582 1314 ut
595 1274 680 1331 porse
692 1266 807 1331 putaret
820 1275 850 1313 re
864 1256 972 1325 valere,

139 1365 171 1416 10
185 1355 210 1412 si
235 1353 357 1430 proximi
384 1354 504 1409 membri
531 1351 725 1409 valetudinem
751 1353 786 1409 ad
807 1371 838 1408 se
857 1350 974 1410 tradux-

186 1450 270 1518 isset3
291 1448 435 1506 debilitari
448 1459 477 1505 et
491 1448 608 1505 interire
623 1458 712 1506 toturn
727 1463 831 1522 eorpus
850 1462 973 1504 neeesse

169 1556 277 1621 ¹erset;
298 1547 350 1617 sie,
365 1545 390 1603 si
404 1529 600 1619 unusquisque
620 1544 750 1603 nostrrim
770 1544 862 1619 rapiat
884 1545 920 1601 ad
940 1559 974 1600 se

186 1642 340 1701 commoda
373 1642 503 1713 aliorum,
535 1641 724 1715 detrahatque
756 1640 834 1715 quod
866 1640 974 1715 cuique

186 1739 286 1814 possit,
298 1738 482 1794 emolumenti
497 1735 542 1793 sui
557 1738 666 1813 grati2i3
687 1737 810 1795 sooietas
823 1736 974 1794 hominum

141 1833 218 1914 15et
243 1833 433 1892 communitas
463 1844 617 1904 evertatur,
644 1852 764 1890 neeesse
790 1843 842 1890 est.
884 1832 974 1902 Nam,

188 1930 243 1989 eibi
263 1941 295 1989 ut
315 1930 433 2006 quiaque
454 1930 544 2002 malit,
566 1930 642 2005 quod
664 1928 699 1987 ad
719 1950 802 1988 usum
823 1930 887 1987 vitae
910 1947 975 2005 per·

187 2027 287 2097 tineat‚
308 2046 393 2101 quam
421 2027 511 2097 alteri,
534 2026 692 2100 acquirere,
720 2043 892 2083 conoessum
919 2036 973 2097 est,

187 2135 245 2200 non
265 2134 443 2200 repugnante
463 2123 574 2181 naturai.
617 2121 693 2187 Illud
708 2133 810 2179 natura
823 2140 881 2179 non
901 2123 975 2199 pati-

187 2228 244 2291 tur,
258 2228 290 2276 nt
304 2219 423 2277 aliorum
444 2219 541 2295 spoliis
562 2229 675 2278 nostras
689 2219 849 2290 facultates,
864 2220 973 2294 eopias,

140 2323 173 2375 20
187 2335 266 2393 opes,
281 2333 444 2393 augeamus.

226 2412 331 2487 Neque
350 2427 417 2470 aero
442 2412 499 2472 hoe
525 2412 618 2470 solum
645 2411 758 2484 natura,
780 2412 809 2469 id
836 2422 890 2484 est,
908 2413 974 2489 jure
1067 2437 1072 2456 1

168 2508 327 2585 ··gentium,
347 2509 397 2565 sed
419 2509 506 2565 etiam
529 2508 643 2585 legibus
669 2508 847 2585 populorum,
869 2510 974 2583 quibua

188 2602 218 2661 in
248 2603 370 2680 singulis
403 2601 568 2661 civitatibus
600 2605 763 2680 respublica
797 2605 972 2676 continetur,
1071 2653 1072 2662 ,

187 2699 289 2757 eodem
310 2698 396 2756 modo
416 2700 604 2757 constitutum
625 2711 678 2771 est,
693 2711 725 2758 ut
744 2717 802 2758 non
816 2700 913 2772 liceat,
928 2699 973 2759 sui

141 2796 174 2851 tto
188 2794 333 2851 commodi
349 2795 448 2866 eausa,
462 2814 568 2854 nocere
590 2795 679 2856 alteri.
705 2788 787 2855 ‘Hoe
801 2797 877 2854 enim
893 2816 974 2872 speo-
1071 2819 1072 2824 ¹

187 2898 249 2946 tant
268 2889 357 2965 leges,
377 2891 433 2949 hoo
453 2891 563 2964 volunt,
584 2892 758 2951 incolumem
780 2909 844 2950 ease
866 2893 973 2951 civium

187 2983 436 3059 conjunctionem
459 3006 546 3062 quam
565 2988 615 3063 qui
635 2988 784 3058 dirimunt,
798 3008 849 3047 eoa
869 3000 973 3057 morte,
1070 2985 1072 3002 “

187 3079 298 3153 milio,
310 3079 444 3157 vinculis,
463 3082 581 3155 damno,
602 3089 748 3143 ooeroent.
798 3086 897 3161 Atque
917 3085 975 3144 hoo
