2167 3609
110 370 193 430 nn]
401 370 445 418 ns
467 369 614 420 cantens.
892 361 949 421 133

111 517 220 577 eversa.
261 516 364 579 Quidl
384 518 433 593 qni
447 518 508 594 ejus
528 519 643 596 collega
655 518 685 577 in
700 517 824 577 censuri
837 517 900 591 fuit,

111 616 145 672 L.
161 615 331 686 Mummius,
351 616 491 691 numquid
511 615 664 692 copiosior,
679 633 747 673 cum
767 615 903 693 copiosis·

110 712 214 769 simam
247 712 348 769 urbem
382 711 511 769 funditus
544 712 724 770 sustulisset?
787 712 902 771 Italiam

110 826 225 876 ornare,
241 826 326 882 quam
347 809 464 864 domum
484 827 576 879 suam,
591 808 708 865 maluit:
729 827 901 884 quanquam,

110 904 198 961 Italia
220 903 332 975 ornata,
348 904 450 961 domus
471 905 534 979 ipsa
554 904 625 962 mihi
639 903 750 961 videtur
764 905 900 963 ornatior.
916 915 933 964 5

149 1000 273 1057 Nullum
303 1000 389 1077 igitur
417 1001 516 1058 vitium
544 1001 655 1072 tetrius,
682 1000 727 1076 (ut
754 1019 797 1072 eo,
824 1001 902 1059 undo

110 1097 241 1174 digressa
268 1107 321 1168 est,
342 1097 446 1155 referat
473 1117 505 1155 se
530 1097 638 1176 oratio)
660 1115 746 1172 quam
774 1097 900 1169 avaritia,

109 1193 270 1269 prasertim
298 1194 328 1250 in
354 1194 533 1269 principibus
561 1193 769 1268 rempublicam
800 1193 903 1270 guber·

109 1290 256 1348 nantibus.
305 1289 422 1347 Habere
446 1290 523 1348 enirn
547 1291 669 1367 quaestui
693 1290 901 1365 rempublicam

110 1406 169 1444 non
195 1387 280 1444 modo
307 1397 390 1462 turpe
413 1397 466 1458 est,
489 1388 540 1444 sed
568 1388 738 1445 sceleratum
763 1388 849 1445 etiam
872 1396 902 1444 et
917 1400 947 1449 10

109 1484 262 1541 nefarium.
304 1484 416 1558 ltaque,
430 1484 507 1559 quod
521 1484 628 1559 Apollo
648 1484 768 1559 Pythius
782 1485 902 1542 oraculo

109 1580 212 1650 edidit,
230 1581 363 1654 Spartam
383 1581 463 1638 nulli
482 1599 514 1637 re
536 1581 592 1637 alit
613 1580 669 1638 nisi
690 1582 808 1638 avaritia
828 1582 902 1656 peri·

109 1687 215 1748 turam,
232 1677 259 1733 id
274 1677 386 1733 videtur
406 1695 465 1734 non
486 1676 579 1734 solum
596 1677 835 1750 Lacedaemoniis
850 1678 901 1735 sed
992 1741 997 1744 ,

110 1783 141 1830 et
154 1773 288 1830 omnibus
302 1773 445 1848 opulentis
458 1773 581 1849 populis,
595 1775 769 1850 praedixisse.
810 1775 839 1832 N
843 1775 901 1832 ullt

111 1880 207 1926 autem
222 1870 424 1927 reconciliare
439 1870 552 1928 facilius
566 1872 793 1930 benevolentiam
807 1872 901 1930 multi·
916 1885 947 1934 15

109 1966 220 2023 tudinis
240 1976 360 2042 possunt
374 1967 394 2023 ii
408 1967 457 2041 qui
477 1968 644 2042 reipublicae
664 1978 799 2044 praesunt,
814 1988 899 2044 quam

110 2064 285 2121 abstinentia
299 2074 328 2120 et
342 2065 530 2122 continentia.

147 2159 214 2220 Qui
242 2179 308 2216 vero
335 2180 366 2218 se
398 2161 551 2236 populares
577 2161 686 2232 volunt,
714 2162 751 2218 ob
778 2179 899 2235 eamque

109 2276 229 2334 causam
244 2267 293 2314 aut
307 2259 447 2334 agrariam
461 2276 521 2313 rem
535 2267 657 2328 tentant,
672 2268 703 2314 ut
721 2275 902 2332 possessores

108 2355 170 2412 suis
197 2354 315 2411 sedibus
341 2355 493 2430 pellantur,
522 2364 570 2411 aut
603 2355 743 2430 pecunias
776 2343 901 2410 creditas
914 2366 946 2415 20

108 2451 290 2509 debitoribus
310 2451 514 2509 condonandas
540 2460 657 2527 potant3
685 2451 706 2507 ii
726 2450 901 2507 labefactant

109 2547 298 2605 fundamenta
330 2547 513 2621 reipublicae3
550 2549 735 2605 concordiam
766 2547 899 2622 primum,

108 2663 173 2719 quae
194 2661 258 2699 esse
279 2662 336 2700 non
356 2653 461 2718 potest,
476 2662 544 2700 curn
565 2644 628 2700 aliis
647 2644 821 2714 adimuntur,
836 2643 900 2700 aliis

109 2741 315 2797 condonantur
341 2740 489 2815 pecuniae3
517 2740 622 2798 deinde
642 2740 815 2814 aequitatem,
836 2758 900 2814 quan

108 2835 221 2894 tollitur
235 2836 339 2905 omnis,
354 2836 378 2893 si
399 2837 505 2894 habere
525 2856 609 2893 suum
630 2837 733 2911 cuique
747 2854 806 2892 non
820 2836 897 2894 licet.
912 2850 944 2898 25

108 2934 144 2991 Id
166 2932 245 2990 enim
266 2942 309 2990 est
329 2932 473 3009 proprium
496 2932 541 3007 (ut
568 2951 654 3008 supra
680 2932 753 3013 dixi)
775 2932 899 2990 civitatis

109 3040 197 3105 atque
217 3028 307 3100 urbis,
328 3039 360 3086 ut
379 3029 416 3088 sit
442 3029 534 3086 libera
554 3040 583 3087 et
604 3047 662 3086 non
690 3029 814 3087 sollicita
839 3046 899 3085 sum

108 3125 152 3185 rei
166 3124 307 3202 cujusque
321 3124 461 3182 custodia

349 3220 386 3276 12
