2167 3609
105 343 186 403 sn]
397 344 442 394 m:
463 345 609 395 omrcns
888 331 946 399 108

9 445 10 536 i
106 493 249 551 adurebat
262 493 409 570 capillum.
449 495 555 558 Quidl
575 497 774 556 Alexandrum
789 495 902 557 Pher»

17 655 19 658 ⁸
106 610 157 647 um
190 609 250 666 quo
286 591 384 649 animo
410 592 514 650 vixisse
542 594 733 653 arbitramur?
765 595 826 670 qui,
854 594 902 674 (ut

105 688 250 763 seriptum
276 688 415 768 legimus)
443 709 510 748 cum
543 710 663 749 uxorem
697 692 821 750 Theben
854 692 902 751 ad·

8 792 11 815 ⁸
107 785 228 841 modum
253 785 397 862 diligeret,
417 797 524 860 tamen,
548 788 583 846 ad
610 807 675 846 earn
702 807 739 847 ex
764 789 857 865 epulis
871 790 902 848 in

108 882 278 940 cubiculum
299 883 428 955 veniens,
449 885 613 957 barbarum,
635 896 665 943 et
691 905 757 944 eum
785 886 932 961 quidemr

108 978 155 1055 (ut
176 980 318 1055 scriptum
338 983 396 1061 est)
418 993 627 1058 compunctum
646 983 723 1041 notis
743 982 902 1056 Threiciis,

108 1075 250 1135 destricto
263 1077 361 1154 gladio
374 1078 494 1154 jubebat
509 1081 636 1139 anteire:
657 1080 904 1157 praemittebatque

108 1174 144 1232 de
172 1174 360 1250 stipatoribus
387 1176 458 1247 suis,
485 1177 536 1252 qni
562 1188 760 1236 scrutarentur
791 1176 904 1235 arculas

107 1272 275 1343 muliebres,
289 1281 328 1344 et,
343 1291 381 1330 ne
402 1273 480 1350 quod
500 1274 724 1332 investimentis
743 1273 903 1332 occultare

107 1378 154 1426 tur
175 1369 482 1443 telumpexquirereut.
524 1370 554 1429 Ο
567 1371 714 1444 miserum,
727 1371 777 1448 qui
793 1371 902 1430 fidelio·
917 1373 948 1428 10

106 1483 170 1523 rem
191 1475 221 1524 et
243 1467 396 1524 barbarum
416 1477 445 1525 et
469 1468 645 1544 stigmatiam
669 1478 794 1544 putaret,
815 1487 902 1544 quem

106 1563 282 1639 conjugem!
323 1562 390 1621 Nee
411 1582 480 1621 eum
506 1564 608 1623 fefellit
636 1562 747 1641 [opinio
758 1566 779 1645 z]
809 1565 846 1624 ab
865 1565 902 1623 et

105 1660 189 1717 enim
212 1669 257 1717 est
284 1659 355 1736 ipse,
376 1672 491 1737 propter
517 1660 670 1737 pellicatirs
696 1661 900 1739 suspicionem,

107 1756 291 1816 interfectus.

150 1853 218 1911 Nec
246 1874 314 1913 vero
340 1855 400 1913 ulla
426 1855 468 1913 ris
495 1855 609 1932 imperii
637 1865 719 1915 tanta
745 1866 798 1929 est,
825 1876 900 1933 qun,
917 1855 949 1910 lb

107 1962 260 2028 premente
287 1962 377 2023 metu,
401 1952 493 2028 possit
519 1972 584 2012 esse
611 1954 755 2012 diuturna.
801 1953 903 2012 Testis

108 2061 154 2106 est
168 2049 310 2120 Phalaris,
326 2049 408 2124 cujus
420 2059 474 2121 est,
488 2060 592 2125 preter
608 2060 738 2122 ceteros,
752 2050 904 2109 nobilitata

108 2145 285 2215 erudelitas3
313 2145 363 2220 qui
390 2165 450 2203 non
477 2165 513 2203 ex
536 2146 649 2203 insidiis
676 2146 794 2215 interiit,
814 2156 847 2204 ut
867 2147 902 2218 is,

109 2261 198 2317 quem
219 2241 307 2299 modo
328 2242 397 2313 dixi,
418 2242 602 2311 Alexander;
623 2260 683 2299 non
704 2261 721 2299 a
738 2240 850 2318 paucis,
871 2250 904 2299 ut

110 2337 161 2396 hic
181 2348 296 2408 noster;
318 2339 369 2395 sed
389 2338 419 2396 in
438 2356 524 2413 quem
546 2337 679 2395 universa
698 2337 904 2414 Agrigentino·
917 2351 950 2403 n

109 2455 176 2493 rum
197 2435 352 2493 multitudo
373 2436 510 2511 impetum
525 2434 603 2504 lecit.
643 2433 747 2497 Quidl
768 2433 906 2493 Macedo-

110 2553 165 2591 nes
187 2550 285 2590 nonne
307 2532 488 2614 Demetrium
512 2532 698 2608 reliquerunt,
722 2532 905 2607 universique

111 2649 143 2687 se
166 2630 203 2687 ad
229 2629 372 2705 Pyrrhum
398 2630 604 2688 contuleruntl
643 2630 748 2692 Quill
771 2629 906 2688 Lacedae·

111 2727 236 2798 monios,
259 2726 364 2803 injuste
385 2726 568 2802 imperantes,
590 2745 687 2786 nonne
708 2736 826 2802 repente
845 2745 906 2785 om»
937 2711 939 2716 ⁵

85 2842 166 2896 ,nes
193 2823 253 2880 sere
281 2822 354 2880 socii
388 2823 586 2894 deseruerunt,
614 2832 848 2899 spectatoresque
872 2831 950 2884 se!

107 2920 222 2979 otiosos
235 2920 421 2997 praebuerunt
435 2919 598 2978 Leuctricn
612 2919 804 2979 calamitatisl

151 3112 238 3174 v111.
260 3112 390 3174 linerna
408 3113 557 3187 libentius,
578 3110 610 3172 in
629 3110 681 3172 teli
699 3130 742 3188 re,
755 3129 842 3191 quom
855 3110 906 3176 b
