2167 3609
118 367 193 430 na]
225 361 227 364 ·
417 368 461 417 nn
481 369 627 418 oeneus.
922 365 959 424 15

120 517 309 575 nobilitatum
330 536 388 577 non
409 517 455 591 sit,
470 528 568 577 tamen
584 519 737 578 honestum
751 522 804 593 sit3
825 523 915 598 qued·

122 633 181 689 que
211 633 279 671 vere
307 616 440 687 dicimus,
462 616 548 673 etiam
573 617 597 674 si
625 618 745 676 anullo
771 620 913 693 laudetur,

122 711 230 770 natural
243 730 307 794 esse
320 712 473 770 laudabile.

164 907 202 965 V.
237 906 373 964 Formam
401 908 516 983 quidem
545 908 648 983 ipsam,
675 908 778 967 Marce
803 911 854 983 fili,
882 922 912 969 et

123 1013 261 1078 tanquam
290 1004 405 1075 faeiem,
426 1005 540 1062 honesti
560 1006 656 1075 vides;
691 1025 754 1080 quae
775 1007 798 1063 si
820 1006 943 1065 oeulis5

125 1111 301 1173 cerneretur,
321 1102 467 1158 mirabiles
489 1120 601 1159 amores
623 1100 668 1180 (ut
690 1103 729 1160 ait
749 1102 845 1182 Plato)
867 1123 914 1160 ex·

123 1197 228 1254 citaret
239 1198 396 1273 sapientiae.
432 1200 490 1256 Sed
502 1218 598 1271 omne,
609 1200 685 1273 quod
695 1200 847 1256 honestum
859 1211 912 1273 est,

123 1290 155 1347 id
167 1301 288 1364 quatuor
297 1292 422 1366 partium
433 1293 524 1348 oritur
538 1311 575 1350 ex
589 1293 692 1367 aliqud.
724 1294 785 1349 Aut
794 1294 870 1350 enim
881 1294 911 1350 in

120 1388 330 1462 perspicienti&
350 1388 411 1459 veri
432 1389 616 1463 sollertiaque
638 1400 765 1448 versatur
776 1410 783 1460 ;
797 1398 861 1448 ’aut
882 1391 911 1448 in

121 1483 274 1540 hominurn
298 1485 437 1542 societate
458 1485 582 1556 tuendd„
597 1486 807 1562 tribuendoque
828 1486 959 1544 suum1⁰

121 1575 241 1650 cuique,
250 1586 280 1633 et
290 1584 386 1633 rerum
398 1587 611 1633 contractarum
624 1577 696 1647 lide3
719 1589 768 1635 aut
782 1579 811 1635 in
824 1579 912 1636 animi

120 1672 231 1729 excelsi
247 1682 331 1747 atque
345 1672 446 1728 invicti
460 1673 659 1748 magnitudine
675 1693 708 1730 ae
722 1675 841 1745 robore3
864 1685 913 1732 aut

121 1768 154 1826 in
174 1769 393 1843 omniumque
410 1768 492 1840 fiunt,
507 1788 629 1843 quaeque
649 1770 795 1842 dicuntur,
810 1771 912 1827 ordine

120 1873 153 1921 et
166 1864 263 1935 modo,
279 1864 309 1921 in
324 1883 382 1939 quo
396 1865 471 1922 inest
485 1865 628 1923 modestia
641 1876 669 1923 et
683 1868 881 1942 temperantia.

162 1960 240 2022 Quae
252 1970 373 2035 quatuor
382 1980 544 2036 quanquam
556 1962 630 2018 inter
641 1981 672 2019 se
683 1963 819 2041 colligata
828 1975 912 2038 atque
927 1966 958 2016 15

121 2056 271 2131 implicata
285 2066 361 2127 sunt,
373 2067 469 2116 tamen
481 2077 515 2116 ex
526 2058 649 2135 singulis
660 2069 740 2116 certa
749 2060 910 2117 officiorum

123 2171 232 2228 genera
251 2163 429 2209 nascuntur:
450 2154 528 2209 velut
542 2172 579 2209 err
592 2154 626 2209 ed
640 2165 732 2228 parte,
746 2175 808 2229 quae
819 2157 912 2229 prima

123 2247 270 2323 descripta
289 2258 342 2320 est,
359 2248 390 2306 in
411 2248 469 2323 qud
489 2248 660 2322 sapientiam
680 2258 709 2304 et
728 2250 911 2322 prudentiam

120 2344 266 2420 ponimus,
291 2344 367 2402 inest
391 2330 542 2428 indagatio
571 2341 655 2417 alque
682 2343 810 2400 inventio
833 2345 910 2402 veri:

119 2441 242 2516 ejusque
265 2441 378 2499 virtutis
406 2442 462 2499 hoe
482 2460 587 2498 munus
609 2450 653 2498 est
675 2442 830 2517 proprium.
871 2442 910 2500 Ut
924 2446 956 2497 m

120 2537 200 2593 enim
221 2537 343 2611 quisque
363 2538 488 2595 maxime
507 2537 655 2614 perspicit,
670 2539 739 2612 qnid
753 2539 783 2596 in
797 2558 829 2595 re
842 2540 911 2615 qud·

120 2652 178 2707 que
204 2633 385 2692 verissimum
419 2634 465 2706 sit,
494 2635 600 2709 quique
629 2636 794 2692 acutissime
814 2646 843 2693 et
864 2655 910 2693 ee-

120 2727 237 2785 lerrime
257 2738 352 2804 potest
365 2739 395 2785 et
407 2729 505 2787 videre
519 2740 548 2786 et
562 2731 705 2805 explicare
718 2731 869 2803 rationem,
885 2732 909 2789 is

120 2824 362 2901 prudentissimus
373 2834 402 2882 et
412 2826 641 2900 sapientissimus
651 2827 705 2883 rite
716 2826 815 2883 haberi
826 2828 907 2885 solet.

118 2920 274 2982 Quocirca
296 2921 374 2993 huie,
397 2921 477 2995 quasi
501 2922 631 2992 materia,
646 2940 731 2994 quam
751 2932 865 2995 traetet,
880 2933 909 2981 et
922 2927 955 2976 25
1019 2910 1044 2954 '¹

120 3016 151 3076 iu
166 3016 224 3092 qud
236 3026 377 3088 versetur,
392 3017 522 3097 subjecta
534 3028 578 3074 est
591 3017 704 3075 veritas.
798 3037 799 3040 ¹

160 3110 297 3187 Reliquis
321 3121 418 3171 autem
437 3112 530 3171 tribus
548 3111 701 3170 virtutibus
722 3112 908 3170 necessitates
