2167 3609
121 355 222 417 nmo
412 357 456 404 on
477 353 621 404 osricus.
903 343 960 403 185

124 506 230 582 magis,
246 524 304 580 quo
324 506 374 563 illa
393 506 525 562 ordinum
548 504 715 581 conjunctio
736 503 772 561 ad
792 503 913 561 salutem
962 501 963 504 ’

125 603 293 679 reipublicae
313 604 481 676 pertinebat.
524 601 603 658 Male
623 601 710 658 etiam
731 600 832 671 Curio,
847 619 912 658 cum

125 718 245 756 eausam
265 699 539 775 Transpadanorum
561 717 671 773 aequam
695 717 758 754 esse
781 698 912 756 dicebat:

123 814 240 871 semper
262 806 356 852 autem
377 795 509 865 addebat,
527 795 663 852 “Vincat
683 795 818 851 utilitas.''
860 794 914 852 Po·

124 893 185 950 tius
209 892 328 961 diceret,
352 911 411 948 non
434 911 498 949 esse
521 910 641 966 aequam,
666 892 815 965 quianon
839 898 943 948 essetb

123 989 205 1047 utilis
220 989 395 1064 reipublicae,
411 1008 505 1063 quam,
521 1008 587 1046 eum
605 988 703 1045 utilem
718 1006 780 1045 esse
795 987 913 1058 diceret,

123 1104 186 1143 uon
200 1104 264 1142 esse
279 1104 388 1160 aequam
402 1085 547 1142 fateretur.

105 1252 109 1259 ’
166 1278 286 1336 xxm.
313 1278 419 1335 Plenus
451 1287 494 1335 est
525 1288 622 1335 sextus
649 1278 720 1335 uber
747 1277 784 1335 ae
811 1277 914 1335 officiis

125 1374 289 1432 Hecatonis
309 1375 408 1431 talium
429 1375 635 1450 quaestionum:
659 1376 740 1432 Sitne
761 1374 830 1431 boni
850 1375 912 1446 viri,

125 1471 158 1528 in
173 1472 297 1529 maximi
312 1471 431 1529 caritate
446 1491 577 1542 annonae,
593 1472 730 1529 familiam
744 1491 802 1528 non
818 1472 913 1529 aleret
929 1476 959 1526 10

124 1568 162 1625 In
187 1579 337 1643 utramque
360 1578 468 1645 partem
488 1568 636 1643 xdisputat;
671 1569 720 1625 sed
747 1578 853 1639 tamen,
879 1569 914 1625 ad

126 1675 296 1737 extremum,
314 1666 436 1722 utilitate
455 1675 536 1739 putat
558 1665 685 1722 officium
706 1665 791 1742 dirigi
813 1666 913 1742 inagis,

123 1779 215 1835 quam
235 1762 419 1818 humanitate.
460 1761 585 1833 Quaerit,
608 1762 640 1818 Si
661 1762 690 1819 in
712 1762 783 1819 mari
802 1762 915 1838 jactura

124 1841 262 1915 iacienda
287 1858 333 1928 sit,
362 1858 465 1932 equine
494 1858 612 1933 pretiosi
645 1859 740 1933 potius
771 1858 912 1934 jacturam

73 1945 76 1950 ’
124 1953 225 2023 saciat,
241 1973 276 2010 an
291 1953 395 2009 servuli
410 1954 482 2010 vilis.
533 1952 593 2010 Hic
615 1954 670 2010 alio
690 1972 735 2009 res
756 1953 912 2024 familiaris,
929 1960 960 2009 15

128 2050 185 2106 alio
206 2049 286 2105 ducit
306 2049 476 2106 humanitas.
518 2050 550 2106 Si
571 2049 695 2106 tabulam
710 2050 746 2105 de
765 2049 914 2125 naufragio

121 2146 232 2203 stultus
266 2146 424 2221 arripuerit,
452 2145 673 2219 extorquebitne
700 2164 762 2201 earn
791 2146 913 2221 sapiens,

123 2242 152 2299 si
173 2242 318 2316 potuerit?
358 2241 465 2317 Negat,
481 2241 549 2314 quia
566 2240 605 2296 sit
626 2240 771 2315 injurium.
811 2241 913 2301 Quidt

123 2339 263 2395 dominus
283 2338 373 2408 navis,
389 2338 527 2412 eripietne
549 2338 653 2393 suomi
694 2335 832 2395 Minime:
855 2356 913 2393 non

122 2436 203 2511 plus,
218 2454 303 2509 quam
317 2435 341 2491 si
355 2435 536 2510 navigantem
552 2433 582 2490 in
604 2434 660 2489 alto
681 2433 786 2510 ejicere
800 2434 836 2489 de
850 2434 914 2490 naui
929 2445 961 2494 20

50 2608 53 2612 ἠ
127 2531 206 2602 velit,
222 2531 289 2606 quia
309 2550 361 2587 sua
381 2530 425 2587 sit.
466 2530 574 2592 Quoad
595 2530 675 2588 enim
693 2541 861 2605 perventum
879 2532 914 2587 sit

124 2646 176 2697 eo,
191 2646 246 2702 quo
267 2637 380 2701 sumpta
399 2626 479 2682 navis
499 2637 552 2697 est,
567 2645 624 2683 non
643 2626 752 2682 domini
767 2612 811 2682 est
824 2626 913 2698 navis,

122 2724 180 2781 sed
201 2724 404 2799 navigantium.
445 2723 548 2785 Quidt
569 2723 594 2779 si
609 2742 666 2779 una
685 2722 783 2780 tabula
796 2723 842 2794 sit,
857 2724 915 2781 duo

125 2819 271 2895 naufragi,
287 2817 393 2898 [aeque]
407 2819 550 2894 sapientes
558 2840 565 2888 ;
588 2819 680 2875 sibine
694 2818 799 2875 utervis
813 2820 914 2896 rapiat,
974 2807 979 2824 ⁴

124 2935 167 2973 an
182 2916 252 2972 alter
267 2915 351 2972 oedat
366 2915 466 2971 atterit
505 2915 600 2972 Cedat
614 2934 698 2972 vero:
720 2916 770 2972 aed
785 2916 821 2988 ei,
834 2918 916 2993 cujus
931 2934 963 2981 ᾖ

125 3012 222 3089 magis
249 3011 371 3082 intersit,
399 3010 442 3068 vel
470 3012 522 3068 suri
550 3011 593 3069 vel
620 3012 785 3087 reipublicae
818 3014 916 3083 oausd,

125 3108 234 3167 vivero.
273 3108 377 3170 Quint
398 3108 422 3165 si
443 3108 505 3166 haeo
523 3108 605 3184 paria
618 3109 648 3166 in
662 3112 803 3184 utroque?
844 3106 917 3164 Nul-

369 3201 432 3261 16*
