2167 3609
122 366 209 426 uu]
410 366 454 413 us
473 366 621 413 osricus.
920 353 962 414 08

118 517 252 575 siderate
278 516 468 592 loquentium,
495 526 582 591 atque
609 516 639 573 in
665 515 796 573 maximis
828 515 914 573 rebus

122 613 294 671 errantium.
342 611 374 669 Si
394 624 491 670 cutem
511 622 556 669 est
576 613 671 688 eliqua
689 613 842 688 disciplina
859 613 914 670 vir·

122 710 206 781 tntis,
230 709 282 766 ubi
309 727 345 767 aa
371 719 522 784 queretur,
548 727 615 767 cum
643 710 679 766 ab
702 709 759 766 hoc
782 710 913 768 discendi
962 717 963 722 ’

123 824 233 883 genere
254 805 440 863 discesserisl
468 806 540 862 'Sed
561 805 634 876 hec,
648 823 715 862 cum
736 806 771 863 ad
791 807 915 882 philoeo-

122 903 223 978 phiam
244 902 438 974 cohortamur,
460 903 626 959 accuratius
645 902 784 977 disputari
804 903 944 961 solenus

119 999 204 1073 quod
225 998 282 1055 alio
302 998 426 1074 quodam
452 997 525 1056 libro
552 998 682 1055 fecimus.
723 997 791 1055 Hoc
819 1009 913 1056 autem

118 1103 255 1170 ‘ternpore
282 1104 394 1152 tantum
420 1095 505 1152 nobis
532 1094 738 1153 declarandum
765 1095 828 1165 fuit,
851 1113 913 1167 cur,

118 1190 218 1247 orbati
239 1187 405 1265 reipublicae
431 1190 608 1262 muneribus,
630 1191 666 1248 ad
693 1191 750 1249 hoo
772 1209 830 1247 nos
855 1200 915 1247 stu·

120 1285 206 1343 dium
219 1287 401 1362 potissimum
416 1287 645 1345 contulissemus.

163 1380 338 1439 Occurritur
365 1392 460 1439 antem
484 1382 578 1453 nobis,
599 1392 627 1439 et
648 1382 764 1457 quidem
786 1402 802 1441 a
821 1381 913 1440 doctis
928 1386 960 1437 1⁰

122 1488 155 1536 et
174 1475 306 1550 eruditis,
327 1478 532 1553 quarentibus,
553 1479 660 1536 satisne
684 1485 849 1538 constanter
873 1480 914 1537 sa·

124 1591 193 1632 cere
220 1574 377 1646 videamur,
404 1574 464 1649 qui,
491 1593 560 1632 cum
591 1575 701 1651 percipi
732 1575 804 1633 nihil
830 1593 914 1651 posse

122 1670 267 1742 dicamus,
282 1680 380 1727 tamen
393 1681 422 1728 et
437 1671 500 1728 aliis
512 1672 550 1728 de
563 1673 650 1729 rebus
665 1672 804 1729 disserere
824 1672 914 1730 solea-

123 1781 200 1838 mus,
215 1777 245 1823 et
258 1768 314 1825 hoc
328 1767 391 1843 ipso
405 1778 532 1843 tempore
550 1778 693 1844 precepta
712 1767 799 1826 officii
818 1786 914 1845 perse·

122 1881 255 1939 quamur.
309 1863 427 1925 Quibus
454 1864 556 1921 vellem
582 1865 652 1922 satis
685 1866 803 1942 cognita
838 1874 914 1923 esset
928 1866 961 1916 15

123 1970 225 2017 nostra
243 1960 404 2017 sententia:
432 1966 492 2017 'non
518 1961 597 2018 enim
620 1977 720 2019 sumas
739 1962 770 2033 ii,
791 1979 913 2036 quorum

122 2067 245 2133 vagetur
279 2057 392 2114 animus
417 2075 524 2128 errore,
551 2075 607 2114 nec
640 2057 745 2114 habeat
777 2076 914 2132 unquam,
983 2097 985 2100 -

122 2152 201 2229 quod
222 2163 366 2228 sequatur.
405 2153 483 2214 Qaae
503 2154 580 2211 enim
601 2163 676 2210 esset
696 2147 855 2224 istainens,
869 2140 913 2210 rel

123 2267 191 2325 quae
203 2250 263 2307 vita
274 2250 380 2325 potius,
394 2267 453 2307 non
472 2250 560 2306 modo
574 2249 748 2325 disputandi,
763 2249 813 2304 sed
827 2249 913 2305 etiam

123 2345 250 2417 vivendi,
264 2346 375 2404 ratione
389 2346 523 2403 sublatdl
563 2344 628 2402 Nos
642 2355 747 2416 autem,
761 2353 793 2402 nt
806 2344 913 2414 ceteri,
928 2348 961 2398 20

124 2441 184 2500 alia
202 2452 293 2514 certa,
316 2442 371 2500 alia
391 2442 503 2500 incerta
522 2459 586 2499 esse
605 2441 723 2511 dicunt3
744 2441 797 2512 sic,
813 2441 849 2498 ab
869 2440 914 2497 his

122 2538 339 2610 dissentientes,
362 2538 418 2596 alia
442 2538 612 2614 probabilia,
640 2546 749 2610 contra,
774 2538 913 2595 alienon

121 2634 293 2711 probabilia,
308 2651 371 2691 esse
385 2634 517 2692 dicimus.
557 2634 640 2696 Quid
660 2644 704 2691 est
725 2634 821 2709 igitur,
835 2632 912 2709 quod

122 2749 172 2787 me
185 2729 334 2806 impediat,
349 2749 393 2801 ea,
408 2750 471 2805 qnae
491 2730 562 2788 mihi
581 2727 740 2806 probabilia
752 2731 911 2802 rideantur,

121 2826 222 2901 sequi3
245 2846 309 2901 quae
329 2839 439 2898 contra,
459 2827 636 2903 improbare;
659 2836 752 2900 atqua,
774 2827 913 2886 affirman·
926 2836 961 2886 at

121 2922 154 2980 di
182 2923 375 3000 arrogantiam
406 2922 553 2995 vitantem,
581 2923 681 2999 sugere
712 2923 912 2994 teneritatem,

120 3035 188 3096 quai
217 3038 234 3078 a
259 3015 401 3096 sapientid
427 3019 547 3077 dissidet
574 3018 748 3095 plurimuml
802 3019 913 3076 Contra

122 3123 223 3175 autent
249 3115 349 3175 omnia
374 3115 533 3195 disputatur
561 3132 578 3173 a
603 3114 724 3186 nostris3
751 3109 913 3190 quodam
