2167 3609
170 341 226 401 154
499 351 546 401 nn
568 351 712 400 orrrcns.
911 347 1004 410 [nm.

211 499 285 571 utili,
300 510 357 558 tuae
379 500 509 558 utilitatis
530 501 629 572 causi,
649 498 822 569 detraxeris3
845 498 1004 555 inhumane

213 596 324 668 feceris,
347 608 503 673 contraque
523 608 634 655 naturae
654 598 766 674 legem:
795 596 839 653 sin
861 606 959 653 autern
981 594 1004 651 is

212 704 243 750 tu
264 695 313 766 sis,
334 695 383 770 qui
405 695 524 752 multam
545 694 698 753 utilitatem
722 693 890 770 reipublice
919 702 1005 766 atque

213 791 361 848 hominum
382 792 524 862 societati,
546 792 570 848 si
592 792 620 849 in
641 771 701 847 uitri
721 808 882 861 remaneas,
903 790 1004 847 afferre
1067 775 1070 784 ’

183 888 311 963 ὅροεείε,
327 888 351 945 si
372 889 440 963 quid
456 889 493 946 ob
508 907 571 945 earn
593 907 710 945 causam
732 887 813 945 alteri
834 886 1003 956 detraxeris,

211 1005 270 1042 non
292 987 328 1042 sit
348 986 626 1061 reprehendendum.
668 986 722 1042 Sin
740 995 834 1042 autern
850 984 879 1040 id
893 1003 954 1040 non
969 983 1005 1040 sit

212 1082 364 1157 ejusmodi,
382 1102 466 1140 suurn
487 1083 593 1156 cuique
614 1082 830 1138 incommodum
854 1080 1005 1137 ferendum

212 1188 255 1235 est
269 1180 373 1254 potius,
389 1198 473 1253 quam
489 1180 525 1235 de
541 1178 657 1235 alterius
678 1176 839 1235 commodis
853 1176 1005 1234 detrahen-

212 1276 290 1331 durn.
346 1275 415 1332 Non
443 1275 530 1351 igitur
560 1275 650 1352 magis
677 1285 720 1332 est
748 1286 848 1332 contra
871 1285 1005 1330 naturam

167 1381 198 1431 10
214 1371 336 1442 morbus,
357 1383 405 1428 aut
425 1382 547 1447 egestas,
564 1382 612 1428 aut
632 1372 700 1447 quid
723 1370 896 1447 hujusmodi,
918 1387 1005 1444 quarn

212 1468 354 1524 detractio
380 1478 427 1525 aut
455 1470 590 1545 appetitio
618 1455 712 1525 alieni.
755 1468 814 1524 Sed
841 1466 1004 1523 communis

213 1565 343 1622 utilitatis
357 1565 509 1622 derelictio
524 1575 626 1623 contra
639 1575 770 1622 naturam
785 1574 845 1621 est:
868 1573 912 1620 est
926 1563 1005 1620 enim

213 1662 327 1736 injusta
370 1661 473 1736 ltaque
487 1662 535 1718 lex
554 1662 614 1739 ipsa
634 1673 753 1732 naturae,
767 1681 829 1736 quae
850 1660 1005 1717 utilitatem

213 1757 361 1814 hominum
389 1770 538 1815 conservat
563 1769 591 1815 et
618 1758 758 1828 continet,
782 1756 913 1814 decernit
940 1774 1005 1832 pro·

167 1864 198 1912 15
213 1853 299 1924 fecto,
327 1863 368 1925 ut,
398 1854 434 1910 ab
461 1855 578 1912 homine
606 1855 690 1912 inerti
719 1866 805 1929 atque
834 1853 939 1924 inutili,
969 1852 1004 1909 ad

212 1950 381 2025 sapientem,
396 1951 514 2022 bonurn,
530 1952 690 2026 fortemque
711 1951 812 2022 virum,
831 1949 1006 2007 transferan-

213 2056 259 2103 tur
286 2065 332 2103 res
356 2047 391 2104 ad
413 2048 567 2104 vivendum
594 2048 782 2116 necessariae3
810 2046 859 2121 qui
880 2046 904 2103 si
925 2046 1006 2103 occi·

213 2143 296 2214 derit,
318 2143 439 2200 multum
461 2145 496 2201 de
517 2144 663 2201 communi
685 2143 808 2201 utilitate
830 2143 1004 2200 detraxerit:

213 2240 298 2297 modo
312 2240 369 2296 hoc
383 2241 423 2297 ita
437 2240 534 2310 faciat,
551 2250 581 2297 ut
595 2258 632 2296 ne
647 2243 707 2315 ipse
721 2241 756 2297 de
771 2259 802 2297 se
816 2239 890 2297 bene
908 2240 1006 2297 existi·

166 2344 198 2394 2⁰
214 2356 304 2407 mans,
320 2356 439 2411 seseque
460 2336 593 2414 diligens,
609 2337 685 2394 hanc
706 2356 823 2394 causam
843 2335 948 2393 habeat
969 2337 1004 2393 ad

214 2433 355 2509 injuriam.
405 2432 452 2490 Ita
471 2452 583 2509 semper
604 2433 700 2492 officio
720 2433 865 2509 fungetur,
886 2433 1004 2490 utilitati

214 2529 370 2587 consulens
401 2530 561 2601 hominum,
590 2539 620 2587 et
646 2531 684 2601 ei,
711 2548 797 2605 quam
823 2548 899 2606 saepe
926 2548 1005 2587 com·

212 2645 349 2696 memoro,
365 2626 496 2683 humanae
510 2626 652 2683 societati.

252 2722 339 2792 Nam,
368 2722 445 2796 quod
480 2722 515 2779 ad
548 2722 693 2780 Phalarim
728 2723 838 2794 attinet,
865 2722 1004 2798 perfacile

166 2824 198 2873 25
210 2817 351 2893 judicium
372 2829 424 2876 est.
475 2818 567 2876 Nulla
586 2819 663 2876 enim
684 2819 769 2875 nobis
789 2818 914 2875 societas
936 2838 1004 2876 cum

212 2913 351 2987 tyrannis,
363 2915 414 2970 sed
428 2916 524 2990 potius
537 2934 651 2972 summa
663 2914 812 2973 distractio
826 2924 886 2971 est:
908 2934 1004 2989 neque

182 3018 257 3076 ,est
281 3020 385 3067 contra
410 3021 553 3083 naturam,
581 3012 705 3087 spoliare
738 3029 815 3082 eum,
843 3011 867 3068 si
898 3012 1004 3087 possis,

211 3120 299 3181 quem
325 3103 478 3166 honeuunr
503 3117 549 3165 est
574 3125 698 3167 necare:
727 3117 811 3183 atque
837 3106 894 3167 hoc
917 3126 1006 3168 omne
