2167 3609
138 362 178 420 5⁰
471 380 514 428 uu
538 380 684 427 osricus.
900 378 973 439 [ur.

187 527 317 601 alterum,
332 538 363 587 ut
377 538 469 587 toturn
483 549 589 606 corpus
609 527 775 605 reipublice
796 538 907 600 curent,
921 546 973 600 ne,

186 624 254 681 dum
274 636 384 702 partem
406 627 529 702 aliquam
550 635 676 697 tuentur,
691 625 815 700 reliquas
827 625 964 681 deserant

186 720 225 778 Ut
247 722 325 778 enim
351 724 451 795 tutela,
472 723 516 780 sic
545 721 710 798 procuratio
733 720 909 796 reipublice,
933 719 973 777 ad

186 817 338 875 utilitatem
359 837 457 876 eorum
478 817 526 893 qui
546 817 690 876 commissi
711 826 787 887 sunt,
802 835 859 873 non
875 816 910 873 ad
923 834 974 873 eo-

155 925 249 974 erum
277 910 381 984 quibus
408 911 562 969 commissa
587 918 641 980 est,
665 909 793 986 gerenda
816 917 867 966 est.
907 906 973 969 Qui

188 1014 283 1062 autem
296 1006 371 1081 parti
385 1006 493 1064 civium
507 1006 671 1076 consulunt,
685 1014 795 1080 partem
808 1004 972 1080 negligunt,

186 1120 247 1159 rem
266 1103 539 1177 perniciosissimam
554 1103 583 1159 in
598 1102 741 1159 civitatem
764 1101 914 1171 inducunt,
929 1119 974 1157 se·

187 1198 326 1256 ditionem
349 1209 434 1273 atque
457 1199 649 1256 discordiam:
677 1218 713 1256 ex
736 1217 792 1273 quo
814 1197 919 1270 evenit,
940 1206 974 1255 ut

188 1294 237 1352 alii
257 1294 419 1370 populares,
435 1295 483 1352 alii
504 1295 623 1353 studiosi
648 1295 748 1371 optimi
772 1294 909 1370 cujusque
932 1293 975 1351 vi·

141 1394 173 1443 10
188 1391 319 1463 deantur,
334 1392 419 1467 pauci
435 1392 643 1449 universorum.

227 1486 307 1544 Hinc
329 1488 403 1563 apud
417 1488 612 1545 Athenienses
626 1508 737 1565 magnae
751 1487 920 1557 discordiae3
942 1485 974 1544 iu

187 1584 285 1641 nostra
305 1585 453 1660 republica
473 1603 531 1643 non
552 1586 644 1643 solum
665 1585 829 1654 seditiones,
843 1583 893 1640 sed
911 1601 975 1660 pes-

187 1680 272 1738 tifera
290 1681 376 1738 etiam
398 1681 473 1738 bella
500 1682 616 1739 civilia:
644 1699 707 1757 quar
728 1680 822 1757 gravis
842 1690 871 1737 et
891 1679 974 1737 fortis

189 1776 272 1849 civis,
286 1786 315 1833 et
335 1777 365 1834 in
386 1778 534 1853 republica
559 1778 664 1854 dignus
684 1778 856 1854 principatu,
871 1777 974 1854 fugiet,

142 1880 174 1930 15
190 1881 274 1948 atque
288 1873 398 1943 oderit3
414 1875 568 1950 tradetque
583 1893 614 1930 se
627 1869 720 1931 totum
733 1873 909 1949 reipublicae,
923 1892 975 1931 ue·

189 1987 244 2042 que
258 1988 325 2044 opes
341 1980 389 2026 aut
402 1969 559 2045 potentiam
576 1969 806 2027 consectabitur:
828 1979 975 2044 totamque

188 2083 251 2122 eam
266 2066 308 2123 sic
318 2066 453 2139 tuebitur,
467 2077 496 2124 ut
507 2066 639 2125 omnibus
650 2066 788 2123 consulat.
829 2065 895 2123 Nec
905 2084 975 2123 vero

188 2162 358 2220 criminibus
385 2163 463 2221 falsis
484 2163 514 2220 in
534 2162 634 2220 odium
655 2173 703 2220 aut
730 2162 865 2220 invidiam
885 2181 976 2237 queu-

188 2278 272 2334 quam
286 2260 418 2317 vocabit:
439 2259 613 2334 omninoque
632 2259 672 2316 ita
688 2258 805 2334 justitiae
819 2258 976 2315 honestati·

142 2368 173 2419 20
187 2376 243 2431 que
265 2357 450 2427 adhaerescet,
472 2364 512 2427 ut,
527 2356 595 2413 dum
617 2374 652 2413 ea
672 2365 829 2428 conservet,
845 2355 975 2430 quamvis

185 2453 310 2528 graviter
342 2452 478 2523 offendat,
505 2461 685 2526 mortemque
718 2461 834 2529 oppetat
866 2451 974 2528 potius,

186 2567 270 2624 quam
285 2547 398 2603 deserat
412 2547 470 2617 illa,
485 2566 548 2622 quae
562 2547 630 2604 dixi.

226 2642 391 2699 Miserrima
418 2653 461 2700 est
484 2644 601 2701 omnino
624 2643 751 2715 ambitio,
776 2645 975 2718 honorumque

187 2737 353 2809 contentio;
381 2738 418 2797 de
445 2740 502 2814 qut
525 2739 663 2815 preclare
685 2740 759 2816 apud
785 2740 908 2797 eundem
929 2749 976 2798 est

143 2834 354 2893 25Platonem:
383 2834 554 2894 “Similiter
582 2836 677 2894 facere
697 2855 758 2909 eos,
779 2837 828 2911 qui
848 2837 922 2894 inter
943 2855 975 2894 se

187 2931 406 3004 contenderent,
420 2942 484 2990 uter
503 2934 600 3008 potins
619 2933 826 3008 rempublicam
841 2932 977 2990 adminis-

187 3035 284 3098 traret,
300 3036 332 3084 ut
344 3027 369 3084 si
383 3038 478 3088 naute
498 3038 651 3100 certarent,
666 3029 730 3104 quis
743 3047 842 3087 eorum
861 3028 977 3105 potissi·

186 3141 266 3181 mum
296 3124 496 3200 gubernaret.’'
537 3124 676 3201 Idemque
701 3124 842 3202 precipit,
866 3134 898 3183 ut
923 3142 977 3183 eos
