2167 3609
99 359 206 418 urm]
400 359 443 408 ou
465 360 611 409 osricus.
888 353 946 414 187

102 506 299 584 Perspicuum
323 508 383 587 jam
403 520 456 583 est,
475 520 506 569 et
525 511 594 588 quid
620 511 691 571 milri
711 512 850 585 videatur,
870 521 901 570 et

111 604 235 680 quasit
256 604 330 662 iuter
353 624 405 664 eos
429 606 625 684 philosophos,
646 626 719 685 quos
744 608 899 680 nominari,

110 701 314 760 controversia.

150 892 266 951 XXIV.
282 893 378 952 :Pacta
397 905 427 952 et
443 895 586 971 promissa
598 914 748 972 semperne
762 896 901 955 servanda
930 899 933 909 ’

110 989 180 1061 sint,
204 1009 269 1065 quae
292 1010 348 1049 nec
371 992 399 1048 vi
425 1011 481 1050 neo
508 993 573 1052 dolo
596 993 671 1051 malo
695 991 741 1071 (ut
766 985 931 1069 praetoies5

110 1086 220 1167 solent)
236 1087 313 1145 facta
332 1088 409 1145 sintl
450 1088 483 1146 Si
503 1089 567 1165 quis
584 1089 827 1147 medicamentum
841 1088 901 1146 cui·

109 1183 188 1258 piam
203 1183 315 1240 dederit
330 1183 365 1241 ad
381 1203 483 1259 aquam
497 1185 680 1256 intercutem,
691 1183 899 1261 pepigeritque,

111 1297 150 1335 ne
164 1278 214 1335 illo
229 1278 439 1337 medicamento
459 1299 584 1355 unquam
597 1290 697 1356 postea
711 1289 837 1337 uteretur
845 1300 853 1350 ;
874 1280 899 1337 si

111 1394 148 1433 eo
173 1375 384 1433 medicamento
410 1395 496 1433 sanus
523 1377 617 1434 factus
644 1376 739 1449 fuerit,
761 1387 790 1434 et
817 1376 900 1436 annis

111 1471 219 1546 aliquot
238 1482 303 1547 post
322 1472 457 1530 inciderit
477 1472 507 1530 in
530 1474 654 1531 eundem
681 1474 822 1544 morbum,
843 1492 900 1530 nec
915 1485 946 1534 10

111 1569 148 1626 ab
163 1586 207 1638 eo,
222 1568 337 1644 quicum
358 1569 515 1646 pepigerat,
530 1568 672 1645 impetret,
687 1579 719 1627 ut
740 1570 843 1628 iterum
863 1588 899 1627 eo

110 1664 200 1721 liceat
226 1664 277 1732 uti,
304 1665 373 1740 quid
407 1665 571 1722 faciendum
598 1665 655 1723 sitl
709 1666 784 1724 Cum
812 1665 848 1723 sit
875 1665 899 1724 is

111 1760 296 1831 inhumanus,
317 1761 366 1836 qui
386 1781 445 1819 uon
466 1763 607 1839 concedat
627 1763 678 1834 uti,
695 1782 751 1821 nec
771 1762 799 1820 ei
820 1763 900 1839 quid·

111 1876 198 1934 quarn
214 1858 262 1915 fiat
276 1858 397 1934 injuriae,
411 1859 475 1916 vitae
490 1869 518 1916 et
533 1859 618 1916 saluti
632 1860 850 1917 consulendum.

151 1954 254 2016 Quidt
281 1955 306 2011 si
326 1955 389 2029 quis
409 1955 523 2030 sapiens
544 1967 659 2032 rogatus
680 1956 717 2013 sit
738 1956 829 2014 abeo
850 1956 898 2031 qui
914 1958 945 2006 15

111 2070 179 2109 eum
200 2051 342 2108 haeredem
363 2052 460 2122 faciat,
474 2071 542 2110 curu
563 2053 590 2109 ei
610 2062 781 2109 testamento
797 2063 899 2110 sester-

112 2148 183 2205 tium
205 2147 309 2204 millies
329 2147 516 2222 relinquatur,
530 2157 563 2205 ut
584 2159 659 2218 ante,
674 2167 759 2223 quam
779 2148 899 2206 haeredi·

111 2253 201 2301 tatem
229 2243 321 2315 adeat,
343 2243 409 2299 luce
436 2244 528 2318 palam
554 2243 583 2300 iu
608 2243 670 2299 soro
697 2243 790 2313 saltet,
813 2244 899 2319 idque

111 2360 143 2397 se
164 2339 306 2397 facturum
326 2339 500 2415 promiserit,
521 2339 599 2414 quod
621 2339 701 2396 aliter
721 2357 788 2396 eum
812 2339 900 2396 lraere·

110 2437 177 2495 dem
207 2437 364 2511 scripturus
399 2435 446 2493 ille
479 2454 538 2491 non
572 2445 662 2506 esset3
698 2435 794 2506 faciat,
821 2436 897 2511 quod
913 2442 945 2491 20

109 2534 284 2610 promiserit,
306 2533 420 2589 necnel
474 2532 643 2589 Promisisse
670 2532 791 2602 nollem;
820 2542 848 2589 et
869 2532 898 2589 id

112 2630 232 2687 arbitror
254 2628 341 2686 fuisse
361 2628 516 2705 gravitatis.
559 2629 626 2699 Sed,
642 2628 777 2703 quoniam
795 2628 899 2704 promi·

110 2726 158 2797 sit,
186 2727 210 2783 si
238 2727 341 2783 saltare
369 2726 398 2782 in
427 2725 488 2782 foro
514 2735 596 2801 turpe
626 2725 723 2797 ducet,
750 2725 899 2782 honestius

109 2822 276 2893 mentietur,
297 2822 321 2879 si
349 2841 384 2879 ex
411 2822 578 2879 hereditate
605 2821 676 2879 nihil
704 2822 821 2897 ceperit,
842 2822 898 2880 uisi

110 2919 182 2978 forte
216 2937 280 2976 earn
312 2919 466 2994 pecuniam
499 2918 528 2975 in
560 2917 727 2994 reipublice
761 2936 896 2996 maguum
912 2922 944 2971 25

110 3015 226 3091 aliquod
247 3026 360 3091 tempus
380 3014 549 3084 contulerit;
578 3025 608 3072 ut
629 3014 672 3071 vel
694 3014 797 3072 saltare
820 3034 896 3086 eum,

97 3131 179 3180 ¹¹cum
193 3112 293 3188 patriar
306 3111 491 3171 consulturus
502 3112 552 3185 sit,
566 3122 648 3187 turpe
662 3129 720 3169 non
734 3111 779 3169 sit
