2167 3609
120 364 218 426 amn
410 364 454 414 ns
475 364 620 414 nemora.
754 385 756 389 >
899 349 955 409 173

162 515 252 577 Quod
273 516 298 573 si
318 525 397 573 recte
414 515 563 592 judicavit,
578 533 636 572 non
656 523 736 571 recte
753 511 909 571 frumenta·

121 612 183 668 rius
203 611 262 684 ille,
276 632 333 669 non
355 623 434 669 recte
453 613 557 670 aedium
570 611 764 686 pestilentium
780 610 908 667 venditor

119 709 221 766 tacuit.
278 708 336 765 Sed
364 708 526 784 hujusmodi
554 707 712 765 reticentiae
738 705 803 781 jure
830 706 908 763 cirili

120 824 224 862 omnes
244 804 450 880 comprehendi
475 823 532 862 non
559 814 694 879 possunt:
723 822 786 878 quae
814 813 908 860 autem

119 911 252 976 possunt,
273 900 426 976 diligenter
452 910 595 957 tenentur.
636 898 677 956 M.
700 897 812 956 Marius
837 899 941 956 Gra-5

120 996 260 1066 tidiauus,
283 997 461 1072 propinquus
487 1007 595 1068 noster,
619 996 653 1053 C.
682 994 785 1071 Sergio
811 993 908 1051 Oratae

120 1093 291 1149 vendiderat
304 1093 380 1149 ades
393 1103 455 1164 eas,
468 1111 538 1167 quas
554 1093 589 1149 ab
602 1092 704 1149 eodem
723 1092 794 1166 ipse,
809 1090 909 1165 paucis

122 1200 190 1246 ante
205 1190 297 1259 aunis,
312 1199 428 1246 emerat.
470 1188 525 1245 Hae
542 1188 645 1264 Sergio
659 1187 836 1245 serviebant:
858 1186 909 1243 sed

121 1285 224 1343 hocin
239 1285 384 1360 mancipio
402 1284 513 1342 Marius
533 1303 593 1341 non
612 1285 730 1341 dixerat.
772 1283 910 1340 Adducta

120 1401 168 1439 res
189 1382 219 1438 in
237 1382 379 1458 judicium
395 1392 447 1439 est.
487 1381 606 1438 Oratam
621 1381 752 1447 Crassus,
767 1379 910 1437 Gratidia·
926 1382 956 1429 1⁰

120 1496 193 1534 num
216 1477 388 1535 defendebat
409 1478 563 1534 Antonius.
605 1476 658 1533 Jus
682 1476 803 1534 Crassus
827 1493 909 1552 urge·

121 1575 188 1632 bat:
210 1574 286 1649 quod
307 1574 368 1631 vitii
389 1574 519 1631 venditor
539 1591 598 1629 non
619 1572 737 1629 dixisset
758 1573 863 1643 sciens,
879 1572 908 1628 id

121 1681 255 1745 oportere
281 1671 425 1746 praestari:
460 1670 623 1744 aequitatem
650 1669 812 1726 Antonius:
840 1685 909 1743 quo·

121 1767 201 1824 niam
217 1767 245 1823 id
259 1767 359 1824 vitium
381 1766 511 1843 ignotum
533 1766 635 1841 Sergio
655 1784 714 1822 non
735 1765 845 1836 fuisset,
859 1764 908 1841 qui

121 1864 187 1921 illas
201 1863 276 1921 aedes
292 1864 476 1933 vendidisset,
491 1863 563 1920 nihil
584 1862 672 1920 luisse
693 1880 812 1920 necesse
833 1862 908 1932 di0i3
926 1874 956 1923 15

120 1979 178 2018 nec
199 1978 265 2017 eum
286 1978 349 2016 esse
369 1960 533 2034 deceptum,
555 1959 604 2033 qui
624 1958 664 2029 id,
685 1958 761 2033 quod
790 1968 909 2029 emerat,

121 2075 181 2132 quo
205 2057 269 2132 jure
297 2065 382 2127 esset,
410 2065 529 2112 teneret.
583 2053 733 2115 Quorsum
761 2054 843 2111 haecl
877 2063 909 2109 ut

121 2153 193 2210 illud
215 2151 369 2229 intelligas,
385 2170 444 2209 non
464 2150 609 2226 placuisse
628 2150 784 2226 majoribus
804 2149 910 2206 nostris

121 2259 241 2307 astutos.

161 2440 260 2499 XVII.
284 2442 341 2499 Sed
364 2442 445 2499 aliter
465 2441 555 2518 leges,
571 2439 652 2498 aliter
671 2437 843 2516 philosophi,
857 2439 910 2496 tol·
924 2451 956 2500 20

119 2538 185 2595 lunt
200 2537 334 2595 astutias:
356 2537 443 2614 leges,
459 2538 601 2611 qufitenus
621 2554 707 2594 mauu
728 2546 827 2593 tenere
846 2553 910 2610 pos·

120 2642 205 2702 sunt3
227 2633 399 2708 philosophi,
415 2633 556 2707 quitenus
576 2633 686 2689 ratione
704 2643 734 2689 et
749 2631 910 2708 intelligen-

119 2731 172 2788 tia.
214 2730 304 2787 Ratio
325 2730 412 2807 igitur
425 2729 561 2805 postulat,
576 2728 695 2803 nequid
710 2727 857 2799 insidiose,
872 2746 909 2784 ne

118 2827 190 2904 quid
211 2826 354 2897 simulate,
368 2845 405 2883 ue
419 2826 487 2901 quid
502 2825 651 2882 fallaciter.
694 2825 806 2882 Suntne
822 2824 909 2901 igitur

120 2923 244 2994 insidia,
259 2923 379 2979 tendere
398 2922 506 2998 plagas,
521 2922 608 2978 etiarn
621 2920 647 2977 si
662 2921 837 2977 excitaturus
851 2939 908 2978 non
925 2934 956 2983 25

119 3020 161 3076 sis
182 3019 266 3090 feras,
288 3038 344 3076 nec
365 3018 543 3095 agitaturusl
571 3018 640 3092 ipsae
661 3017 747 3088 enirn,
769 3018 847 3076 nullo
868 3017 910 3073 in-

119 3126 270 3190 sequente,
286 3134 361 3192 saepe
376 3114 523 3172 incidunt:
545 3113 588 3172 sic
602 3123 633 3171 tu
648 3114 723 3171 edes
736 3113 909 3190 proscribas,

361 3212 397 3267 15
408 3209 425 3243 ¹⁸
