2167 3609
109 357 198 420 mm]
405 362 448 410 na
470 361 617 409 ornans.
894 349 950 408 tas

110 525 178 580 res3
200 508 276 584 quod
295 508 412 585 quidem
425 511 511 587 vulgo
531 510 647 568 solitum
667 507 729 568 fieri
750 508 786 567 ab
802 509 904 569 ordine

112 616 216 663 nostro
229 606 404 664 moratione
419 607 516 665 Crassi
537 607 675 682 seriptum
696 606 812 682 copiose
828 607 905 665 vide·

114 720 187 759 mus.
239 701 326 760 Hane
353 722 423 780 ergo
451 703 690 760 consuetudinem
718 703 904 780 benignitatis

7 803 9 812 ’
110 797 261 875 largitioni
282 818 432 856 munerum
459 800 545 876 longe
573 809 724 874 antepono.
767 799 839 857 Haeo
859 810 903 858 est

114 895 247 971 gravium
269 895 418 953 hominum
442 906 527 971 atque
548 914 733 971 magnorum
755 895 805 953 illa
823 897 935 972 quasi5

115 1001 326 1049 assentatorum
345 991 452 1067 populi,
474 991 666 1048 multitudinis
692 991 835 1049 levitatem
856 1011 904 1049 vo·

113 1086 225 1163 luptate
240 1088 321 1162 quasi
335 1088 522 1145 titillantium.

154 1184 317 1241 Conveniet
342 1195 448 1257 autem,
471 1203 537 1242 oum
562 1184 592 1243 in
616 1184 712 1243 dando
735 1185 904 1243 munificum

113 1297 189 1350 esse,
201 1289 261 1336 tum
276 1280 306 1337 in
320 1281 464 1358 exigendo
478 1300 536 1339 non
551 1283 703 1339 acerbum:
725 1282 754 1339 in
769 1282 903 1357 omnique

113 1393 146 1432 re
160 1377 369 1448 contrahendis,
380 1377 542 1449 vendendo,
554 1378 685 1449 emendo,
701 1378 902 1450 conducendo,
921 1387 951 1436 10

111 1470 248 1543 locando,
260 1473 457 1531 vicinitatibus
470 1484 498 1531 et
512 1474 655 1545 confiniis,
667 1494 779 1550 aequum
792 1486 822 1533 et
835 1475 905 1533 saoi·

113 1568 189 1638 lem3
210 1568 301 1626 multa
313 1570 412 1627 multis
432 1570 468 1625 de
485 1568 549 1644 jure
564 1588 616 1650 suo
630 1570 797 1642 cedentem3
820 1572 904 1655 aliti·

113 1664 170 1721 bus
191 1656 268 1735 vero,
290 1674 428 1738 quantum
455 1665 553 1737 liceat,
573 1676 603 1723 et
626 1667 726 1724 nescio
753 1686 790 1725 an
815 1669 902 1743 paulo

114 1760 181 1835 plus
194 1761 280 1818 etiam
295 1780 380 1836 quam
394 1761 490 1833 liceat,
507 1762 716 1821 abhorrentem.
758 1764 811 1822 Est
824 1765 902 1822 enim

113 1876 175 1914 non
196 1857 282 1915 modo
301 1856 429 1929 liberale,
443 1858 561 1933 paulum
580 1879 786 1935 nonnunquam
801 1861 837 1918 de
850 1880 904 1918 suo
920 1873 950 1923 15
1016 1859 1024 1866 ⁸

111 1953 177 2029 jure
198 1954 349 2025 decedere,
371 1954 421 2012 sed
443 1955 587 2013 interdum
607 1957 694 2013 etiam
715 1957 902 2015 fructuosum.

113 2049 261 2108 Habenda
285 2062 380 2120 autem
403 2062 447 2109 est
473 2052 548 2109 ratio
571 2053 613 2112 rei
637 2053 793 2124 familiaris,
818 2073 903 2129 quam

109 2147 232 2221 quidem
247 2147 336 2204 dilabi
350 2148 454 2220 sinere,
469 2148 643 2224 flagitiosum
662 2158 721 2218 est;
743 2149 793 2205 sed
808 2150 857 2220 ita,
872 2159 904 2206 ut

113 2243 317 2300 illiberalitatis
341 2245 522 2320 avaritiaeque
545 2244 617 2300 absit
640 2243 774 2318 suspicio,
815 2244 904 2301 Posse

112 2340 193 2397 euim
218 2340 390 2398 liberalitate
413 2341 466 2412 uti,
489 2359 547 2397 non
571 2340 740 2415 spoliantem
765 2360 796 2396 se
818 2341 904 2416 patri·
919 2350 950 2400 2⁰

112 2436 225 2506 monio,
240 2436 374 2494 nimirum
390 2438 414 2494 is
427 2448 471 2495 est
483 2437 615 2513 peouniae
629 2437 739 2494 fructus
753 2437 902 2495 maximus.

113 2530 212 2589 Reate
226 2532 312 2589 etiam
328 2552 345 2590 a
358 2532 560 2608 Theophrasto
574 2543 617 2590 est
631 2532 745 2592 laudata
759 2533 904 2609 hospitali·

111 2638 167 2685 tas.
209 2628 263 2686 Est
289 2630 378 2700 enim,
399 2639 431 2686 ut
450 2629 520 2686 mihi
545 2630 660 2704 quidem
680 2631 801 2701 videtur,
822 2631 903 2687 valde

113 2723 266 2796 decorum,
276 2735 375 2801 patere
386 2726 485 2783 domos
499 2727 647 2783 hominum
661 2727 813 2786 illustrium
827 2727 904 2784 illus·

113 2821 208 2877 tribus
236 2820 413 2897 hospitibus:
448 2822 534 2896 idque
561 2823 648 2879 etiam
671 2822 836 2898 reipublieae
860 2835 903 2882 est
918 2829 950 2877 25

113 2927 298 2989 ornamento,
324 2918 456 2975 homines
482 2929 616 2975 externos
643 2918 699 2976 hoo
726 2918 904 2978 liberalitatis

112 3031 224 3089 genere
245 3014 276 3070 in
299 3015 371 3071 urbe
394 3015 493 3072 nostra
516 3033 576 3071 non
597 3033 691 3091 egere.
732 3015 785 3073 Est
809 3027 904 3073 autem

111 3110 204 3169 etiam
231 3112 416 3170 vehementer
444 3110 514 3170 utile
537 3110 577 3169 iis
602 3110 651 3188 qui
676 3112 797 3171 honeste
820 3128 906 3188 posse

355 3208 389 3266 ll
401 3205 419 3241 ¹³
