2167 3609
153 342 215 409 ‘2⁰2
481 358 532 405 ua
554 359 697 406 cuncus.
893 358 984 419 [um.

200 506 225 564 si
239 507 301 565 haec
314 526 373 565 uon
388 528 437 584 per
451 528 482 565 se
502 520 680 585 expetantur,
695 487 796 567 sed-ad
812 509 983 586 voluptatem

200 605 387 662 utilitatemve
402 607 569 664 referantur.

240 798 385 855 XXXIV.
407 799 597 855 Conferamus
619 799 704 875 igitur
726 799 754 855 in
776 818 884 874 pauca:
906 818 984 871 nam,

201 906 232 952 ut
247 896 399 953 utilitatem
419 896 525 952 nullam
547 915 609 951 esse
630 896 791 966 docuimus,
806 915 868 969 quae
883 895 978 952 hones

171 1002 187 1049 5
201 993 251 1048 tati
266 1001 341 1048 esset
355 978 513 1061 contraria;
535 991 578 1047 sic
599 1009 713 1046 omnem
728 991 899 1065 voluptatem
914 991 985 1047 dici·

201 1108 264 1144 mus
284 1089 425 1145 honestati
445 1107 508 1145 esse
529 1087 710 1145 contrariam.
753 1085 823 1148 Quo
837 1086 929 1162 magis
943 1105 985 1143 re·

200 1185 417 1261 prehendendos
431 1184 628 1259 Calliphonem
644 1192 671 1239 et
686 1183 899 1239 Dinomachum
910 1182 985 1258 judi·

201 1299 247 1350 co,
259 1281 306 1354 qui
321 1299 352 1336 se
366 1280 555 1354 dirempturos
567 1279 789 1336 controversiam
803 1287 983 1354 putaverunt,

200 1375 224 1431 si
237 1394 301 1431 cum
318 1376 465 1431 honestate
478 1376 659 1449 voluptatem,
671 1385 806 1448 tanquam
818 1392 885 1430 cum
896 1373 986 1431 honri·

155 1487 186 1536 10
200 1492 236 1529 ne
256 1473 406 1547 pecudem,
428 1472 646 1546 copulavissent.
688 1470 755 1528 Non
775 1469 878 1546 recipit
899 1469 983 1527 istam

200 1570 433 1646 conjunctionem
461 1568 610 1636 honestas;
641 1568 834 1642 adspernatur‚
862 1566 982 1641 repellit.

200 1665 266 1721 Nec
286 1684 353 1721 vero
373 1664 437 1721 finis
457 1665 595 1720 honorum
612 1662 654 1740 [et
674 1663 838 1743 malorum],
853 1663 901 1737 qui
919 1663 984 1719 sirn-
1075 1690 1076 1713 1

198 1761 263 1836 pler
282 1779 345 1817 esse
365 1760 459 1826 debet,
475 1779 510 1815 ex
524 1759 710 1815 dissimilibus
728 1758 812 1815 rebus
826 1758 941 1815 misceri
955 1768 985 1816 et
1075 1798 1076 1813 r

199 1856 350 1932 temperari
370 1866 472 1931 potest.
514 1856 570 1911 Sed
586 1855 622 1911 de
643 1855 699 1910 hoc
715 1854 833 1931 (magna
846 1855 923 1911 enim
938 1873 984 1911 res

155 1957 186 2006 15
200 1953 256 2030 est)
279 1952 334 2008 alio
354 1951 419 2008 loco
438 1951 575 2026 pluribus.
630 1949 719 2005 Nunc
741 1948 775 2005 ad
796 1949 981 2025 propositum.

199 2048 451 2110 Quemadmodum
466 2047 562 2122 igitur,
578 2046 602 2102 si
616 2045 729 2120 quando
743 2064 787 2117 ea,
798 2065 860 2121 quae
875 2046 984 2102 videre·

200 2156 245 2202 tur
266 2145 382 2214 utilitas,
397 2143 539 2199 honestati
560 2150 709 2218 repugnat,
731 2141 917 2216 dijudicanda
938 2160 984 2198 res

200 2242 247 2312 sit,
261 2241 329 2297 satis
349 2250 392 2296 est
412 2258 497 2314 supra
516 2239 700 2313 disputatum.
742 2237 794 2293 Sin
814 2249 908 2294 autern
924 2257 986 2312 spe-

201 2340 274 2396 ciem
302 2335 430 2393 utilitatis
457 2336 542 2391 etiarn
570 2334 699 2409 voluptas
725 2333 831 2390 hahere
861 2334 985 2405 dicetur,

154 2441 185 2489 20
199 2433 279 2490 nulla
298 2442 391 2506 potest
411 2450 473 2487 esse
494 2430 520 2486 ei
541 2449 608 2486 curn
629 2430 777 2486 honestate
800 2429 985 2506 conjunctio:

200 2548 276 2598 nam,
292 2539 323 2583 ut
336 2527 494 2593 tribuamus
515 2525 622 2599 aliquid
642 2525 788 2601 voluptati,
805 2525 986 2582 condimenti

201 2626 319 2682 fortasse
340 2622 481 2693 nonnihil,
502 2621 633 2679 utilitatis
654 2631 732 2678 certe
752 2621 835 2694 nihil,
856 2622 984 2679 habebit.

239 2718 338 2776 Habes
353 2730 461 2794 apatre
476 2737 589 2789 munus,
605 2716 706 2774 Marce
724 2717 774 2787 fili,
790 2718 854 2775 med
868 2718 986 2792 quidem

200 2815 351 2883 sententiat,
366 2832 516 2890 magnum:
538 2812 588 2869 sed
608 2812 727 2886 perinde
741 2811 804 2884 erit,
820 2823 852 2869 ut
867 2831 986 2888 accepe-

153 2912 186 2962 25
200 2909 255 2964 ris:
277 2928 436 2984 quanquam
456 2910 508 2966 tibi
528 2909 558 2965 hi
578 2919 636 2965 tres
658 2908 733 2980 libri,
754 2908 829 2965 inter
854 2908 985 2985 Cratippi

199 3007 430 3077 commentarios,
444 3016 580 3079 tanquam
594 3005 731 3080 hospites,
746 3015 829 3063 erunt
843 3005 986 3081 recipieu·
1073 2996 1076 3021 ³
