2167 3609
120 373 193 436 nn]
417 374 461 423 nn
482 374 627 426 ornans.
918 360 955 419 51

121 522 302 582 adversarios
316 515 520 594 existimemus,
534 521 584 599 qui
598 541 676 580 anna
689 526 789 580 contra
802 519 895 579 ferant
902 540 911 591 3

120 638 181 678 non
190 620 310 695 eosqui
324 620 495 696 suajudicio
504 619 580 677 tueri
589 617 795 695 rempublicam
805 618 894 675 velint
902 637 910 688 ;

120 717 217 791 qualis
241 717 296 773 suit
316 717 390 774 inter
410 716 441 774 P.
457 717 630 775 Africanum
650 725 679 772 et
697 714 738 777 Q.
760 714 911 772 Metellum

120 812 187 869 sine
203 813 360 870 acerbitate
374 813 521 870 dissensio.

162 908 231 965 Nec
258 928 326 967 vero
347 909 492 981 audiendi,
514 908 564 984 qui
587 906 710 985 graviter
731 907 942 966 irascendum5

121 1004 252 1062 inimicis
266 1006 416 1081 putabunt,
432 1005 518 1079 idque
531 1004 707 1081 magnanimi
722 1014 750 1060 et
765 1003 845 1062 fortis
858 1005 911 1062 viri

124 1119 188 1157 esse
212 1084 380 1158 censebunt.
421 1100 503 1158 niun
532 1101 609 1157 enam
636 1099 818 1171 laudabilius,
839 1100 910 1158 nun

122 1214 231 1273 magno
245 1206 274 1253 et
290 1197 429 1272 praeclaro
442 1196 503 1254 viro
524 1196 649 1273 diguiuS,
663 1196 857 1273 placabilitate
872 1204 912 1253 at·

121 1312 179 1369 que
201 1293 363 1351 clementia.
405 1293 439 1350 In
466 1293 564 1351 liberis
590 1312 657 1350 vero
680 1293 800 1369 populis,
824 1303 854 1350 et
880 1293 910 1350 in

118 1388 194 1465 juris
215 1389 416 1464 aequabilitate,
431 1390 593 1447 exercenda
612 1390 699 1446 etiam
713 1399 756 1446 est
777 1389 909 1461 facilitas,
926 1395 957 1445 10

122 1495 152 1542 et
175 1484 295 1541 altitudo
317 1485 415 1557 animi,
430 1505 493 1560 que
512 1486 633 1557 dicitur3
654 1505 701 1557 ne,
715 1486 740 1543 ai
754 1485 912 1543 irascamur

123 1590 174 1637 aut
194 1580 393 1657 intempestive
418 1582 633 1654 accedentibus,
656 1592 705 1639 aut
731 1582 911 1659 impudenter

121 1677 302 1753 rogantibus,
313 1678 342 1734 in
351 1678 547 1735 morositatem
557 1677 687 1735 inutilem
696 1688 724 1735 et
732 1678 858 1737 odiosam
869 1680 911 1736 in-

123 1772 264 1830 cidamus.
295 1772 334 1829 Et
348 1782 443 1830 tamen
458 1773 498 1831 ita
510 1776 659 1849 probanda
669 1784 712 1832 est
722 1775 911 1833 mansuetudo

122 1879 210 1943 atque
225 1868 387 1941 clementia,
399 1879 430 1927 ut
445 1870 623 1942 adhibeatur,
635 1871 800 1947 reipublicae
812 1872 909 1945 causi,
925 1876 958 1923 15

121 1966 270 2037 severitas,
282 1965 344 2023 sine
355 1966 411 2041 qud
423 1967 615 2025 administrari
627 1968 727 2025 civitas
738 1987 795 2027 non
806 1979 908 2044 potest.

162 2060 268 2119 Omnis
278 2073 373 2119 autem
384 2073 412 2119 et
424 2062 631 2121 animadversio
641 2073 670 2120 et
681 2065 831 2140 castigatio
843 2085 912 2122 con·

121 2158 243 2215 tumelid
257 2177 359 2215 vacare
374 2159 475 2216 debet:
497 2158 635 2234 nequead
650 2160 720 2234 ejus,
732 2161 780 2233 qui
793 2162 911 2235 punitur

122 2255 259 2329 aliquem,
276 2264 324 2312 aut
344 2255 438 2312 verbis
459 2255 590 2331 castigat,
607 2255 657 2311 sed
679 2255 714 2311 ad
735 2256 909 2330 reipublice,

119 2350 276 2409 utilitatem
291 2349 399 2408 referri.
924 2350 957 2400 20

162 2446 333 2503 Cavendum
356 2457 400 2503 est
423 2448 520 2519 etiarn,
543 2466 581 2503 ne
604 2447 694 2523 major
717 2466 802 2524 poena
825 2468 910 2523 quarn

120 2542 209 2619 culpa
228 2544 281 2613 sit3
304 2553 332 2601 et
352 2562 399 2615 ne,
415 2544 517 2602 iisdem
538 2545 574 2601 de
595 2545 699 2616 causis,
717 2545 764 2603 alii
784 2546 912 2622 plectan-

118 2649 178 2710 tur,
195 2638 242 2695 alii
257 2658 294 2696 ne
310 2641 487 2715 appellentur
501 2642 625 2715 quidem.

161 2735 346 2793 Prohibenda
360 2746 454 2793 autem
466 2737 588 2795 maxime
599 2749 642 2795 est
653 2740 694 2796 ira
706 2739 735 2795 in
745 2739 908 2815 puniendo:

120 2831 269 2906 nunquam
298 2832 386 2903 enirn,
408 2832 497 2890 iratus
520 2834 568 2909 qui
591 2836 709 2892 accedet
730 2836 765 2892 ad
785 2855 909 2910 poenarn,
924 2846 957 2894 ab

119 2928 350 2985 mediocritatem
361 2928 438 2986 illam
449 2929 640 3004 tenebitque
652 2940 694 2987 est
706 2931 778 2989 inter
789 2933 910 2990 nimium

121 3031 152 3080 et
178 3042 297 3099 parum;
320 3044 382 3100 quae
408 3024 503 3100 placet
530 3024 745 3100 Peripateticis3
777 3037 806 3084 et
831 3038 911 3085 recte

120 3118 229 3199 placet,
247 3121 336 3181 modo
355 3139 393 3181 nc
413 3121 564 3184 laudarent
583 3121 772 3195 iracundiam,
786 3133 815 3180 et
834 3123 914 3180 dice·
