2167 3609
132 345 172 404 52
472 354 516 403 nn
533 355 678 403 orneris.
806 426 808 430 ἢ
888 355 964 416 [nr

173 513 241 561 rent
261 503 368 564 utiliter
387 523 403 561 a
420 504 523 562 natural
536 504 641 562 datam.
681 502 736 560 Illa
748 521 814 561 vero
827 500 964 562 omnibus

178 600 208 657 iu
230 602 315 658 rebus
341 600 518 675 repudianda
544 610 603 669 est;
634 599 858 676 optandumque,
877 608 909 656 ut
928 598 963 670 ii,

179 695 227 771 qui
241 706 366 772 presunt
380 696 556 771 reipublicae,
570 696 668 772 legum
686 695 793 753 similes
806 695 872 767 siut,
887 714 963 770 quae,

182 792 217 849 sd
244 792 432 867 puniendum,
459 811 518 850 nou
546 791 706 864 iracundia,
733 792 784 848 sed
817 791 961 867 aequitate,

149 888 332 946 5dueuntur.

217 1079 332 1138 XXVI.
361 1080 458 1155 Atque
472 1079 559 1137 etiam
573 1078 603 1137 in
617 1079 703 1136 rebus
715 1077 868 1155 prosperis,
882 1086 911 1135 et
925 1077 963 1137 ad

178 1176 354 1236 voluntatem
374 1186 500 1235 nostram
520 1174 684 1247 fluentibus,
712 1174 884 1249 superbiam,
908 1174 964 1232 fas·

178 1272 291 1343 tidium,
321 1271 579 1348 arrogantiamque,
605 1288 777 1347 magnopere
810 1269 962 1347 fugiamus.

179 1365 267 1438 Nam,
282 1376 313 1423 ut
326 1366 458 1424 adversas
478 1385 533 1439 res,
548 1366 591 1424 sic
611 1366 763 1439 secundas,
777 1366 964 1423 immoderate

135 1475 165 1524 10
180 1462 263 1534 ferre,
285 1462 407 1520 levitatis
427 1472 487 1520 est:
510 1463 703 1539 preclaraque
722 1472 767 1519 est
786 1462 964 1539 aequabilitas

179 1556 210 1616 in
230 1557 309 1616 omni
329 1558 396 1630 vita,
411 1567 439 1616 et
459 1557 536 1615 idem
556 1577 667 1633 semper
687 1557 790 1630 vultus,
805 1557 964 1632 eademque

180 1653 274 1725 frons3
296 1663 328 1716 ut
341 1655 378 1711 de
399 1655 527 1727 Socrate,
542 1654 612 1712 item
630 1654 666 1710 de
688 1653 723 1711 Ο.
738 1653 836 1726 Laelio,
852 1653 965 1729 accepi·

179 1768 251 1808 mus.
292 1749 456 1825 Philippum
485 1750 611 1825 quidem,
633 1747 826 1808 Macedonum
854 1767 963 1826 regem,

179 1846 264 1903 rebus
277 1846 365 1923 gestis
379 1856 408 1902 et
427 1846 520 1922 glorifa
534 1856 697 1921 superatum
711 1866 728 1903 a
741 1845 810 1918 filio,
825 1845 965 1904 facilitate

135 1953 166 2002 15
180 1951 209 1999 et
229 1942 407 2000 humanitate
423 1943 507 1999 video
528 1942 704 2019 superiorem
723 1942 820 2000 fuisse.
860 1941 965 2016 Itaque

181 2038 251 2095 alter
282 2057 392 2114 semper
418 2057 550 2115 magnus,
575 2038 645 2096 alter
675 2057 750 2114 sepe
782 2037 964 2113 turpissimus

180 2134 251 2192 luit:
273 2144 305 2192 ut
323 2144 402 2193 recte
421 2134 577 2214 praecipere
591 2134 750 2206 videantur,
764 2134 813 2209 qui
833 2143 963 2206 monent,

179 2240 220 2301 ut,
234 2241 341 2307 quanto
361 2231 522 2306 superiores
543 2230 642 2301 simus,
656 2239 737 2287 tanto
756 2249 810 2288 nos
830 2249 964 2307 geramus

179 2327 356 2385 submissius.
398 2326 541 2384 Panaetius
560 2326 674 2401 quidem
688 2326 869 2398 Africanum,
884 2326 965 2383 audi·

133 2432 165 2481 ab
178 2432 268 2481 torem
288 2432 318 2480 et
340 2421 509 2479 familiarem
530 2441 624 2494 suum,
643 2422 767 2493 solitum,
787 2422 835 2494 ait,
854 2421 963 2493 dicere,

178 2529 210 2576 ut
224 2536 322 2592 equos,
331 2527 445 2594 propter
459 2518 576 2575 crebras
587 2518 787 2576 contentiones
796 2518 964 2593 proeliorum

179 2613 326 2670 ferocitate
353 2613 537 2686 exsultantes,
562 2614 750 2672 domitoribus
778 2613 889 2672 tradere
917 2632 966 2671 so·

177 2708 265 2780 leant,
277 2719 308 2766 ut
322 2708 366 2766 his
377 2709 554 2768 facilioribus
563 2711 675 2787 possint
688 2710 746 2781 uti;
768 2710 811 2768 sic
821 2710 962 2783 homines,

178 2804 314 2863 secundis
337 2806 424 2863 rebus
446 2807 609 2879 effrenatos,
634 2806 747 2882 sibique
769 2805 962 2882 praefidentes,

133 2920 165 2971 25
178 2911 314 2977 tanquam
337 2900 367 2959 in
394 2922 495 2980 gyrum
518 2903 639 2961 rationis
666 2912 696 2960 et
723 2902 862 2961 doctrine
890 2901 962 2962 duci

178 3004 318 3072 oportere,
332 3005 364 3054 ut
377 2998 572 3074 perspicerent
589 3016 686 3058 rerum
702 2998 892 3058 humanarum
909 2996 964 3058 im·

165 3091 373 3163 ,bacillitatem
387 3094 610 3175 varietatemque
623 3094 754 3158 fortune.
