2167 3609
153 355 193 417 28
482 365 534 414 ai:
553 367 697 415 omens.
917 369 956 430 [c.
967 369 988 416 1.

242 520 308 591 (β’
325 516 417 595 (Qua
444 517 491 576 bic
519 527 674 595 sequuntur
698 517 814 575 Italicis
841 516 991 573 literarum

193 612 300 690 formis
313 616 495 690 expressam
503 616 608 691 paucis
623 613 810 672 tantummodo
824 613 890 671 MS.
903 633 988 671 eune·

196 711 329 786 plaribus
351 719 527 788 comparents
548 720 576 769 el
589 730 609 768 a
622 712 782 769 criticorum
794 712 933 788 plerisque
946 731 989 770 re·

196 806 324 882 pudiala
337 816 413 879 sunl,
428 816 460 865 ul
473 808 638 865 adulterina
651 817 678 866 cl
690 808 843 886 insiticia.)

170 1000 187 1050 5
244 995 386 1075 [Secunda
400 1008 491 1058 aulem
509 1000 624 1059 Punica
638 1001 716 1073 bella,
725 1008 794 1077 pasl
816 999 988 1059 Cannensem

197 1113 336 1172 pugnam,
349 1116 416 1173 quas
430 1097 519 1155 decem
533 1096 689 1155 Hannibal
700 1096 821 1154 Remum
835 1097 987 1155 adstrictas

202 1192 281 1249 misit
293 1190 485 1267 jurq'uranda
505 1212 534 1249 se
555 1193 693 1250 redituras
707 1211 773 1264 csse,
786 1192 854 1264 nisi,
868 1191 901 1250 dc
915 1192 989 1250 redi·

203 1282 308 1340 mendis
322 1284 359 1340 iis
373 1284 423 1359 qui
436 1285 515 1360 eapti
535 1294 627 1357 erant,
641 1285 855 1363 impetrassmtr
875 1304 920 1343 eas
934 1304 989 1343 cm·

202 1398 249 1436 mes
277 1399 410 1451 censores,
438 1380 534 1456 quoad
566 1382 682 1457 quisquc
709 1401 801 1441 earum
827 1382 910 1453 vicit,
937 1383 989 1459 qui

157 1483 187 1533 10
196 1473 383 1551 pejerdssent,
406 1476 438 1532 in
465 1478 578 1535 arceiis
605 1478 792 1554 reliqueram
822 1497 871 1535 mec
896 1479 987 1535 minus

201 1569 289 1640 illum,
306 1570 355 1645 qui
366 1568 568 1646 jurisjurandi
574 1570 685 1647 fraude
705 1573 814 1648 culpam
831 1572 986 1631 invenerat.

204 1663 274 1721 Oura
282 1666 362 1737 enim,
372 1665 551 1725 Hannibalis
558 1669 707 1744 permissu,
716 1668 817 1725 exisset
828 1667 861 1725 dc
872 1668 986 1740 castris,

201 1761 288 1818 rediit
296 1762 387 1838 paula
395 1772 471 1838 pasl,
488 1764 564 1841 quad
582 1784 610 1821 sc
630 1764 744 1821 oblitum
757 1766 848 1824 nescio
862 1764 933 1842 quid
943 1764 988 1821 di·

202 1865 282 1915 ceret.
323 1857 437 1917 Deinde
457 1878 585 1935 egressus
601 1880 616 1918 e
632 1859 944 1936 castris‚jurq‘urarsdc
957 1879 987 1920 se

156 1962 186 2013 15
201 1954 320 2011 solutum
341 1956 486 2031 putabat:
520 1965 547 2014 et
569 1965 632 2014 erat
658 1957 759 2029 uerbis,
783 1978 814 2015 re
836 1976 892 2015 man
914 1965 985 2016 erae.

201 2049 317 2126 Semper
338 2058 429 2107 autem
450 2051 482 2108 in
495 2050 570 2128 fide,
592 2053 663 2129 quid
687 2054 815 2124 senseris,
838 2071 893 2110 nan
917 2052 990 2129 quid

200 2145 316 2218 diceris,
331 2147 520 2222 cogitandum.
561 2148 717 2206 Maximum
735 2158 826 2207 antem
840 2150 988 2226 enemplum

200 2251 242 2300 cst
251 2241 379 2320 justitia
396 2244 427 2301 in
445 2245 548 2303 bostem
562 2265 581 2301 a
601 2237 754 2321 majoribus
768 2246 871 2302 nastris
886 2246 988 2303 eonsti-

200 2348 299 2398 tulum.
343 2340 412 2398 &em
426 2361 445 2398 a
458 2341 579 2417 Pyrrba
585 2340 715 2418 perfuga
728 2341 839 2398 senatui
852 2349 893 2397 est
900 2342 988 2417 palli·

155 2448 184 2499 20
200 2437 283 2506 citus,
294 2455 322 2492 se
331 2455 462 2493 uenenum
473 2438 536 2510 regi
546 2437 688 2507 daturum,
698 2443 725 2493 et
734 2455 793 2492 eum
803 2444 986 2502 necaturum

199 2538 313 2586 senalus
327 2538 354 2586 et
370 2529 402 2587 0.
417 2530 573 2586 Fabricius
588 2528 745 2606 perfugam
758 2529 878 2606 Pyrrbc
898 2531 986 2591 dedit.

189 2623 250 2681 ·Ita
269 2643 302 2681 nc
322 2625 409 2681 basiis
426 2624 545 2701 quidem,
559 2633 586 2683 el
601 2626 736 2702 patentis,
751 2634 778 2684 el
799 2626 896 2684 bellum
910 2629 987 2687 ultro

196 2719 359 2797 irffcrenlis
372 2721 517 2778 interilum
532 2740 592 2779 cum
606 2722 704 2780 scelere
717 2722 910 2804 approbavit]

198 2911 246 2969 Ac
259 2911 296 2968 de
309 2911 421 2971 bellicis
435 2911 551 2987 quidem
564 2914 667 2973 officiis
679 2914 749 2972 sutis
763 2913 873 2972 dietum
886 2926 939 2974 est.

151 3010 183 3060 ub
238 3006 457 3067 Meminerimus
478 3020 583 3082 uatem,
598 3011 685 3069 etism
704 3011 840 3073 dvorsus
861 3011 985 3083 infimos,

194 3104 336 3183 justitium
369 3123 433 3165 esse
464 3107 642 3167 servendum.
682 3106 737 3168 Est
763 3118 859 3169 eutem
885 3106 986 3167 infima
