2167 3609
125 355 211 416 uu]
419 355 462 402 uu
481 355 626 402 ouurous.
736 395 740 403 t
906 345 964 404 123

129 505 259 582 ingenio,
275 504 305 561 iu
326 504 481 580 primisque
495 503 601 575 clarus,
615 503 731 581 gloriari
751 503 871 578 solebat,
886 524 918 563 se

130 604 194 660 sine
222 602 282 659 ullo
308 620 427 658 munere
458 602 591 677 adeptum
624 620 687 658 esse
719 601 827 674 omnia,
855 622 918 677 quoe

129 699 306 757 haberentur
321 697 502 772 amplissima.
544 697 668 755 Dicebat
683 698 759 754 idem
770 697 804 755 C.
817 698 917 758 Curio.

125 794 228 852 Nobis
241 812 355 870 quoque
369 794 438 851 licet
452 794 481 850 in
496 794 553 850 hoc
566 794 779 868 quodammodo
792 795 919 871 gloriari.

125 891 161 948 N
165 911 221 963 am,
247 910 300 965 pro
327 889 515 965 amplitudine
542 890 682 948 honorum
710 909 782 965 quos
806 893 949 949 cunetist

129 986 278 1063 suffragiis
312 986 406 1062 adepti
439 1005 538 1043 sumus
572 996 669 1044 nostro
695 986 811 1062 quidem
844 1007 919 1046 anno

128 1083 225 1162 (quod
246 1082 368 1159 contigit
388 1101 488 1139 eorum
509 1083 619 1141 nemini
635 1102 707 1158 quos
726 1084 813 1142 modo
832 1085 921 1143 nomi-

130 1182 225 1259 navi),
240 1199 309 1237 sane
324 1181 444 1256 exiguus
458 1191 588 1255 sumptus
603 1179 746 1237 edilitatis
761 1181 822 1238 fuit.

172 1277 271 1352 Atque
304 1276 391 1334 etiam
422 1276 479 1334 illae
505 1276 641 1351 impensae
668 1277 809 1350 meliores,
836 1278 919 1350 muri,
947 1315 951 1320 -

126 1373 256 1444 navalia,
270 1383 379 1448 portus,
395 1390 531 1447 aquarum
554 1372 667 1444 ductus,
682 1374 844 1450 omniaque,
859 1395 921 1450 que
935 1377 966 1429 1⁰

132 1471 169 1527 ad
184 1489 269 1526 usum
280 1468 446 1544 reipublice
457 1468 609 1544 pertinent.
649 1468 835 1545 Quanquam,
846 1471 920 1547 quod

130 1584 258 1643 presens
272 1575 406 1639 tanquam
418 1564 447 1621 in
459 1583 576 1622 manum
587 1565 680 1637 datur,
692 1565 849 1642 jucundius
862 1578 920 1639 est;

132 1670 231 1718 tamen
246 1661 308 1718 haec
323 1660 511 1736 inposterum
530 1661 664 1737 gratiora.
706 1661 845 1735 Theatra,
859 1682 922 1739 por·

131 1756 219 1827 ticus,
231 1775 306 1814 nova
315 1756 431 1831 templa,
440 1757 631 1814 verecundius
641 1759 829 1834 reprehendo,
840 1778 923 1836 prop-

132 1863 179 1910 ter
198 1852 385 1929 Pompeium:
408 1853 458 1909 sed
480 1852 638 1911 doctissimi
658 1873 717 1911 uon
736 1856 868 1931 probant,
889 1866 922 1913 ut
936 1857 967 1907 15

132 1958 165 2007 et
177 1949 227 2006 hic
247 1949 308 2025 ipse
328 1949 481 2021 Panaetius,
497 1968 582 2023 quem
602 1950 723 2007 multum
738 1952 767 2007 in
782 1951 826 2008 his
839 1952 921 2009 libris

133 2054 253 2103 secutus
280 2063 353 2115 suna,
377 2063 436 2101 non
464 2044 682 2119 interpretatum
710 2056 739 2102 et
766 2045 921 2104 Phalereus

133 2140 312 2211 Demetrius,
340 2140 389 2213 qui
422 2139 574 2211 Periclem,
601 2140 760 2216 principem
789 2142 921 2214 Graeciae,

132 2237 286 2313 vituperat,
301 2236 376 2312 quod
390 2247 500 2294 tantam
512 2236 666 2311 pecuniam
681 2236 711 2293 in
723 2237 860 2311 preclara
874 2237 923 2294 illa

129 2332 279 2409 propylaea
299 2333 465 2408 conjecerit.
507 2331 566 2390 Sed
588 2332 624 2388 de
645 2332 701 2390 hoc
723 2351 829 2409 genere
849 2342 921 2404 toto,
936 2338 969 2389 2⁰

133 2430 165 2487 iu
193 2429 230 2486 iis
256 2428 346 2496 libris,
370 2448 441 2505 quos
468 2429 504 2485 de
531 2428 696 2504 Republica
723 2429 835 2505 scripsi,
860 2429 923 2487 dili·

117 2509 119 2514 ,
132 2535 237 2603 genter
252 2535 295 2582 est
309 2525 493 2600 disputatum.
534 2524 614 2583 Tota
627 2526 713 2602 igitur
727 2526 802 2584 ratio
821 2526 921 2584 talium

132 2621 321 2698 largitionum
334 2639 440 2697 genere
454 2621 557 2679 vitiosa
569 2632 622 2692 est,
633 2622 810 2698 temporibus
824 2641 922 2680 neces-

133 2717 227 2787 saria;
256 2727 285 2774 et
308 2726 370 2774 tum
394 2716 456 2793 ipsa
478 2727 507 2774 et
531 2717 567 2774 ad
591 2717 752 2775 facultates
765 2737 924 2777 accommo-

134 2813 242 2886 danda,
256 2823 286 2872 et
298 2814 497 2871 mediocritate
511 2813 688 2872 moderanda
700 2822 751 2872 est.
935 2827 968 2877 25

123 3055 125 3058 .
170 3003 290 3067 XVIH.
311 3004 348 3065 Iu
361 3005 411 3065 illo
425 3015 521 3066 autem
535 3007 625 3066 altero
645 3025 751 3084 gauere
770 3006 921 3086 largiendi,
