2167 3609
121 354 162 413 98
456 370 500 417 nn
518 369 665 417 onnrcus.
873 368 913 429 [a.
923 368 957 415 ιι

209 518 244 577 V.
266 517 426 595 Longiores
445 517 589 588 hocloco
609 535 717 589 sumus,
731 535 818 593 quam
835 535 958 575 necesse

169 625 221 672 est.
261 615 338 677 Quis
352 626 396 673 est
409 615 497 685 enim,
512 615 561 673 cui
581 634 640 672 non
659 614 813 691 perspicua
825 614 882 671 sint
896 613 956 687 illu,

170 730 233 786 quae
252 712 382 788 pluribus
395 712 490 769 verbis
503 731 521 769 a
533 711 662 769 Panaetio
683 720 956 783 commemorantur,

169 809 315 866 neminem
344 827 438 883 neque
465 808 570 866 ducem
600 807 677 865 bello
707 826 764 865 nec
793 807 957 883 principem

137 904 258 975 5domi,
280 923 398 981 magnas
425 923 471 961 res
491 913 520 960 et
547 903 695 974 salutares,
717 903 779 961 sine
806 903 957 962 hominum

169 1001 281 1072 studiis,
308 1019 408 1077 gerere
434 999 581 1076 potuisset
623 999 891 1058 commemorantur
919 1000 957 1057 ab

169 1115 205 1155 eo
238 1097 461 1168 Themistocles,
493 1096 630 1168 Pericles,
659 1096 761 1171 Cyrus,
789 1095 956 1173 Agesilaus,

169 1194 344 1265 Alexander,
365 1212 437 1269 quos
463 1203 560 1270 negat,
584 1193 646 1250 sine
671 1193 842 1269 adjumentis
865 1191 957 1249 homi·

169 1307 249 1362 num,
263 1300 357 1347 tantas
378 1309 423 1347 res
442 1290 557 1347 efficere
578 1290 712 1365 potuisse.
756 1288 860 1360 Utitur,
874 1288 904 1346 in
922 1306 957 1346 re

123 1394 154 1444 1⁰
168 1403 227 1442 non
242 1386 340 1457 dubie,
354 1386 475 1443 testibus
489 1404 548 1443 non
562 1386 740 1444 necessariis.

208 1483 315 1556 Atque,
330 1492 362 1539 ut
382 1500 500 1558 magnas
521 1482 659 1540 utilitates
682 1481 866 1557 adipiscimur
886 1499 958 1539 con·

169 1579 323 1654 spiratione
351 1580 498 1636 hominurn
527 1590 611 1653 atque
639 1598 791 1649 consensu,
812 1578 855 1635 sic
874 1577 958 1637 nulla

169 1685 226 1731 tam
248 1675 424 1732 detestabilis
443 1675 530 1751 pestis
550 1686 603 1746 est,
625 1694 687 1750 quae
708 1694 767 1732 non
787 1674 897 1731 homini
919 1675 956 1732 ab

170 1771 285 1829 homine
309 1782 451 1829 nascatur.
493 1771 546 1828 Est
572 1771 736 1829 Dicaearchi
764 1770 835 1828 liber
856 1770 892 1828 de
913 1771 958 1829 in·

123 1883 154 1932 15
169 1845 255 1924 teritu
276 1867 435 1940 hominum,
454 1867 639 1944 Peripatetici
659 1868 757 1944 magni
776 1877 806 1924 et
826 1867 956 1943 copiosi3

170 1963 229 2039 qui,
257 1964 385 2022 collectis
419 1964 531 2022 ceteris
558 1964 663 2036 causis,
691 1964 841 2035 eluvionis,
867 1964 957 2040 pesti·

169 2059 274 2132 lentie,
306 2061 454 2132 vastitatis,
488 2060 647 2119 belluarum
680 2061 767 2118 etiam
799 2061 957 2136 repentinae

169 2157 361 2215 multitudinis
395 2156 529 2234 (quarum
563 2157 672 2232 impetu
705 2157 791 2214 docet
824 2158 957 2231 quaedam

169 2253 317 2312 hominurn
339 2273 446 2331 genera
465 2273 528 2311 esse
550 2254 744 2331 consumpta),
759 2253 863 2311 deinde
877 2271 957 2311 com·

122 2361 258 2427 apparat,
280 2360 387 2426 quanto
408 2350 503 2426 plnres
522 2350 609 2414 deleti
629 2350 687 2408 sint
710 2350 841 2407 homines
864 2350 958 2407 homi·

169 2465 239 2503 num
253 2447 371 2521 impetu,
385 2446 415 2503 id
429 2456 482 2518 est,
498 2447 580 2504 bellis
594 2457 643 2504 aut
656 2446 855 2519 seditionibus,
869 2465 957 2522 quam

169 2542 248 2599 omni
263 2541 373 2616 reliquia
387 2543 559 2601 calamitate.

209 2637 284 2694 Cum
298 2637 384 2714 igitur
399 2639 447 2696 hic
460 2639 540 2698 locus
555 2640 626 2698 nihil
641 2640 745 2698 habeat
756 2639 956 2711 dubitationis,

170 2733 239 2807 quin
267 2733 397 2792 homines
422 2735 578 2811 plurimum
605 2736 770 2795 hominibus
790 2746 819 2794 et
844 2735 958 2811 prosint

122 2836 154 2886 25
170 2837 202 2885 et
226 2829 337 2900 obsint3
371 2830 517 2906 proprium
545 2833 603 2889 hoo'
626 2842 720 2890 statuo
743 2850 806 2889 esse
832 2831 957 2903 virtutis,

171 2925 326 2985 conciliare
353 2926 465 2987 animos
491 2927 650 3000 hominum,
675 2939 705 2985 et
731 2928 767 2985 ad
794 2947 862 2985 usus
890 2946 958 2985 suos

171 3020 333 3102 adjungere.
373 3022 484 3100 Itaque,
498 3044 562 3100 quae
575 3025 606 3082 in
618 3025 705 3083 rebus
723 3024 868 3097 inanimis,
882 3043 958 3102 quo·
