2167 3609
170 340 228 402 1⁰6
503 348 547 396 nn
569 348 714 397 ormena.
922 346 1004 407 [nu.

252 497 312 556 Sed
332 498 368 555 ed
387 515 446 557 non
466 498 573 574 pariter
593 516 695 556 omnes
715 515 850 575 egemus:
877 514 946 554 nam
969 496 1004 554 ad

123 652 128 664 ,
214 595 353 672 cujusque
366 596 454 653 vitam
475 596 633 654 institutam
655 593 934 653 accommodandum
950 604 1004 665 est,

214 710 232 750 a
254 692 389 749 multisne
416 710 488 769 opus
511 692 559 762 sit,
584 711 621 749 an
645 692 715 749 satis
739 711 756 748 a
779 691 890 766 paucis,
912 690 1003 766 diligi.
1067 747 1068 766 ἒ

213 789 333 846 Certum
367 788 455 865 igitur
488 790 545 846 hoc
579 789 626 858 sit,
654 788 741 863 idque
768 798 797 844 et
822 787 948 862 primum
975 795 1005 842 et

184 884 338 942 tmaxima
357 884 563 956 necessarium,
579 883 787 942 familiaritates
808 882 914 940 habere
932 882 1005 939 fidas

214 982 372 1040 amantium
392 999 446 1038 nos
466 980 635 1058 amicorum,
656 990 686 1036 et
706 988 804 1037 nostra
818 977 1003 1035 mirantium:

214 1078 277 1137 liaeo
296 1077 373 1137 enim
395 1087 439 1135 est
458 1061 519 1135 una
536 1095 584 1134 ras
602 1093 728 1153 prorsus,
750 1087 782 1132 ut
801 1093 859 1132 non
882 1074 1003 1132 multum

214 1174 328 1232 differat
341 1173 416 1231 iuter
436 1191 564 1230 summos
578 1182 607 1230 et
620 1172 781 1229 medioeres
797 1171 873 1228 viros
881 1189 889 1240 ;
911 1189 1003 1245 eaque

214 1270 342 1345 utrisque
352 1279 397 1327 est
409 1268 617 1345 propemodum
629 1268 830 1343 comparanda.
872 1266 1003 1338 Honore,

172 1365 203 1417 1⁰
215 1375 245 1423 et
264 1365 367 1442 gloria,
388 1375 418 1422 et
438 1365 639 1423 benevolentid
660 1365 777 1436 nivium,
798 1363 919 1421 sortasse
945 1382 1004 1421 non

216 1479 297 1536 aequa
316 1480 418 1519 omnes
437 1470 541 1538 agent:
564 1460 615 1518 sed
635 1472 742 1533 tamen,
756 1461 780 1518 si
795 1460 843 1519 oui
864 1461 927 1518 haeo
941 1479 1006 1536 sup-

215 1567 325 1633 petunt,
354 1558 489 1634 adjuvant
521 1558 709 1632 aliquantum,
737 1567 798 1615 tum
825 1556 861 1615 ad
889 1566 1005 1629 caetera,

216 1663 278 1711 tum
292 1655 328 1712 ad
342 1655 484 1713 amicitias
498 1656 715 1731 comparandas.

254 1846 309 1905 IX.
332 1847 391 1904 Sed
405 1847 441 1905 de
457 1847 586 1905 amicitiis
607 1847 663 1905 alio
676 1846 750 1905 libro
764 1848 873 1906 dictum
887 1858 942 1919 est,
957 1848 1006 1923 qui

173 1946 205 1996 15
217 1943 382 2001 inscribitur
393 1944 556 2002 “Laelius’'
597 1943 687 2001 Nunc
701 1944 832 2003 dinamus
845 1944 882 2003 da
896 1945 1006 2022 glorid3

217 2059 388 2116 quanquam,
412 2041 448 2099 ed
472 2060 587 2116 qunque
613 2042 650 2099 de
676 2061 717 2113 re,
742 2042 801 2099 duo
824 2052 891 2100 sunt
913 2042 1006 2100 nostri

216 2136 300 2195 libri:
334 2137 386 2195 sed
419 2137 604 2215 attingamus,
637 2137 869 2214 quandoquidem
902 2157 948 2211 aa,
976 2138 1007 2196 in

217 2234 303 2293 rebus
328 2233 484 2311 majoribus
510 2234 755 2308 administrandis,
780 2235 894 2313 adjuvat
919 2235 1009 2312 pluri·

158 2383 161 2388 ,
218 2349 305 2389 mum,

173 2436 206 2487 20
258 2429 378 2485 Summa
404 2427 492 2505 igitur
516 2438 546 2486 et
567 2430 697 2505 perlaeta
723 2429 815 2507 gloria
836 2440 949 2488 constat
971 2449 1010 2487 ax

217 2522 310 2580 tribus
330 2522 391 2580 his:
412 2524 437 2580 si
457 2524 553 2601 diligit
573 2524 743 2596 multitud0;
764 2526 789 2584 si
803 2526 889 2584 tidem
904 2527 1007 2597 habet;

218 2617 253 2689 si,
269 2636 336 2676 aum
357 2619 546 2677 admiratione
566 2621 701 2696 quddam,
716 2623 826 2680 honore
839 2642 891 2681 uns
905 2623 1009 2700 dignos

217 2724 308 2789 putat.
350 2713 425 2773 Haeu
445 2707 551 2788 autem,
567 2717 606 2795 (si
618 2728 663 2776 ast
683 2718 851 2794 simpliciter
872 2720 1010 2777 breviter·

219 2828 275 2885 que
294 2810 464 2892 dicandum)
486 2813 591 2887 quibus
610 2815 696 2872 rebus
716 2825 852 2890 parantur
874 2834 891 2872 a
911 2816 1010 2891 singu·

175 2906 265 2977 aslis,
286 2907 395 2968 eisdem
416 2908 475 2965 fera
497 2929 513 2967 a
533 2909 725 2970 multitudine.
778 2912 837 2969 Sed
863 2921 908 2969 est
936 2912 1010 2969 alius

219 3020 332 3078 quoque
359 3005 475 3079 quidam
503 3006 597 3065 aditus
624 3008 659 3065 ad
679 3008 904 3081 multitudinem,
926 3018 957 3068 ut
978 3009 1010 3067 in

220 3097 417 3158 universorum
438 3101 550 3160 animos
569 3111 706 3179 tanquam
720 3104 842 3169 iuduere
854 3105 1010 3182 possimus.
