2167 3609
126 343 171 404 as.
459 349 503 396 na
523 347 668 395 osricus.
889 338 928 399 [n.
939 336 959 383 ¹·

170 515 288 577 magno,
309 498 452 573 elatoque,
473 497 671 572 humanasque
697 513 743 552 res
770 492 960 569 despiciente,

172 596 280 655 factum
291 596 336 653 sit.
377 594 478 669 Itaqne
490 594 520 651 in
530 593 642 669 probris
653 592 776 649 maxime
787 591 817 647 in
826 599 961 667 promptu

172 698 225 760 est,
236 687 264 744 'si
279 687 347 762 quid
362 687 419 744 tale
434 686 492 743 dici
506 695 617 762 potest:

203 799 218 827 “
227 796 279 845 Vos
290 796 392 857 etenim,
401 796 518 859 juvenes,
529 795 643 842 animum
653 793 740 858 geritis
750 792 913 851 muliebrem

139 895 156 944 5
225 875 272 926 Illa
282 877 368 941 virago
379 875 468 950 viri:’{

171 986 200 1033 et
214 975 320 1053 siquid
335 976 495 1052 ejusmodi:

201 1093 218 1120 “
228 1090 344 1149 Salinsai,
357 1089 389 1137 da
399 1089 486 1152 spolia,
499 1088 553 1136 sine
566 1087 655 1136 sudore
666 1092 692 1135 et
702 1086 850 1151 sangarius.”

172 1189 339 1263 Contraque
360 1189 391 1245 in
413 1187 557 1259 laudibus,
582 1206 645 1262 quae
672 1204 778 1263 magno
803 1185 911 1256 animo,
931 1194 962 1242 et

172 1284 282 1343 fortiter
317 1266 549 1362 ericellenterque
576 1292 658 1359 gesta
684 1292 760 1353 sunt,
788 1301 833 1353 ea,
860 1281 962 1338 nescio

125 1398 156 1446 10
172 1378 327 1454 quomodo,
349 1377 430 1452 quasi
458 1376 588 1452 pleniore
609 1396 659 1434 ore
679 1377 838 1434 laudamus.
880 1374 962 1433 Hinc

171 1471 320 1532 rhetorum
334 1493 452 1549 campus
471 1473 507 1530 de
527 1472 711 1545 Marathone,
727 1474 883 1544 Salamine,
898 1473 962 1530 Pla-

170 1571 244 1642 taeis,
255 1569 469 1645 Thermopylis,
481 1569 632 1626 Leuctris:
653 1569 723 1626 hino
733 1579 831 1626 noster
845 1568 961 1640 Cocles,

172 1665 242 1722 hinc
262 1665 358 1737 Decii,
373 1666 443 1723 hinc
462 1665 517 1722 On.
539 1675 569 1721 et
588 1665 620 1723 P.
645 1666 806 1740 Scipiones,
828 1665 897 1722 binc
917 1663 960 1722 M.

172 1759 340 1833 Marcellus,
368 1761 651 1835 innumerabilesque
680 1761 746 1819 alii:
778 1761 961 1835 maximeque

126 1867 158 1918 15
173 1856 234 1933 ipse
253 1857 375 1933 populus
403 1856 557 1914 Romanus
579 1856 666 1914 animi
686 1857 886 1933 magnitudine
914 1876 962 1913 ex-

155 1947 158 1954 ’
173 1953 261 2011 cellit.
292 1952 465 2010 Declaratur
476 1962 572 2009 autern
587 1952 714 2009 studium
727 1953 839 2010 bellicae
853 1952 962 2029 gloriae,

172 2048 250 2125 quod
260 2031 367 2106 statuas
378 2066 493 2123 quoqne
503 2047 634 2104 videmus
648 2058 752 2105 ornatu
766 2048 825 2106 sere
835 2048 962 2106 militari.

212 2239 298 2299 XIX.
328 2240 388 2298 Sed
408 2259 444 2299 ea
465 2239 553 2298 animi
580 2240 676 2311 elatio,
698 2259 760 2315 quae
782 2240 910 2297 cernitur
931 2241 962 2297 in

171 2337 309 2415 periculis
320 2348 348 2395 et
359 2337 516 2408 laboribus,
527 2336 552 2394 si
559 2336 672 2412 justitiis
682 2347 775 2407 vacat,
785 2347 963 2413 pugnatque,

126 2417 160 2502 aa
173 2452 232 2493 non
245 2452 298 2510 pro
312 2433 403 2491 salute
418 2432 576 2503 communi,
588 2432 638 2489 sed
651 2451 704 2507 pro
718 2419 781 2489 suis'
793 2434 964 2505 commodis,

173 2529 205 2587 in
219 2529 288 2586 uitio
302 2537 354 2586 est.
395 2527 425 2585 N
427 2546 466 2584 on
480 2527 557 2584 enim
572 2527 658 2585 modo
673 2528 702 2584 id
713 2529 826 2587 virtutis
839 2548 897 2586 non
909 2540 964 2601 est,

174 2624 225 2704 sed
257 2624 354 2700 potius
383 2623 580 2696 immanitatis,
608 2641 723 2681 omnem
755 2625 965 2683 humanitatem

173 2720 346 2797 repellentis.
387 2718 488 2795 Itaque
501 2721 591 2796 probe
606 2720 739 2779 definitur
755 2741 772 2779 a
786 2722 894 2779 Stoicis
909 2724 966 2779 for-

173 2815 277 2887 titudo,
300 2834 368 2873 cum
389 2834 453 2873 eam
475 2816 609 2874 virtutem
631 2835 695 2873 esse
718 2817 821 2874 dicunt
842 2836 967 2893 propug-

127 2927 160 2978 25
174 2920 291 2969 nantem
322 2930 376 2988 pro
410 2912 552 2992 equitate.
598 2912 752 2973 Quocirca
772 2932 879 2986 nemo,
914 2913 964 2989 qui

175 3006 351 3066 fortitudinis
375 3008 496 3086 gloriam
524 3019 699 3068 consecutus
727 3020 770 3068 est
798 3009 912 3068 insidiis
935 3020 966 3067 et

175 3102 296 3186 militib,
310 3103 426 3163 laudem
445 3115 489 3163 est
511 3105 649 3182 adeptus:
670 3105 743 3164 nihil
764 3107 843 3165 enim
864 3106 967 3165 hones·
