2167 3609
145 325 203 385 104
479 335 526 385 ne
546 337 691 386 cancris
900 339 983 400 [nn.

188 485 320 559 mastica,
341 487 487 546 recordor.
528 490 736 558 Verumtamen
764 488 902 566 quamdiu
929 491 983 549 im·

188 584 301 660 perium
320 586 420 661 populi
438 586 566 645 Romani
582 588 730 645 beneficiis
744 589 906 658 tenebatur,
920 608 980 646 non

189 679 311 757 injuriis,
340 682 416 739 bella
443 693 492 739 aut
517 703 570 759 pro
603 684 691 742 sociis
719 695 768 741 aut
795 684 831 741 de
859 685 981 761 imperio

189 779 379 855 gerebantur3
401 780 494 837 exitus
508 791 591 838 erant
605 782 742 839 bellorum
759 782 915 855 ammiras,
931 793 980 841 aut

158 877 355 937 trecennii.
396 878 524 955 Regum,
545 879 724 956 populorum,
740 879 902 953 nationum,
913 895 981 957 por·

189 983 236 1031 tus
262 983 324 1033 erat
350 986 378 1033 et
405 976 550 1052 refugium
577 987 702 1035 senatus.
753 977 855 1035 Nostri
882 989 979 1037 autem

188 1072 382 1149 magistratus
405 1073 659 1150 imperatoresque,
686 1094 722 1132 ex
755 1075 810 1133 hac
845 1075 904 1133 und
936 1095 978 1149 re,

187 1170 343 1229 maximam
370 1170 484 1229 laudem
511 1181 615 1249 capere
636 1173 799 1244 studebant,
821 1173 845 1230 si
865 1174 980 1249 provin·

188 1267 260 1338 cias,
285 1268 310 1324 si
337 1268 442 1339 socios,
470 1270 605 1344 aequitate
632 1280 661 1328 et
688 1270 744 1328 fide
772 1270 977 1330 defendissent.

143 1358 175 1410 1⁰
188 1361 290 1438 Itaque
323 1364 395 1422 illud
427 1366 621 1440 patrocinium
649 1368 728 1425 orbis
759 1379 842 1426 terrae
872 1368 978 1442 verius,

188 1479 274 1535 quam
308 1460 471 1538 imperium,
505 1460 618 1538 poterat
650 1465 803 1523 nominari.
863 1467 978 1524 Sensim

188 1555 265 1615 hanc
291 1559 530 1617 consuetudinem
553 1572 582 1619 et
603 1561 784 1638 disciplinam
809 1563 868 1640 jam
893 1575 979 1622 antea

187 1653 405 1726 minuebamus;
426 1668 489 1733 post
503 1676 571 1715 vero
586 1659 674 1716 Sulla
689 1659 847 1733 victoriam,
861 1661 978 1737 penitus

189 1750 353 1809 amisimus:
386 1752 510 1812 desitum
535 1765 578 1812 est
605 1756 682 1813 enim
707 1757 797 1815 videri
820 1758 978 1834 quidquam

142 1848 174 1899 15
188 1845 218 1904 in
239 1848 335 1906 socios
355 1849 495 1925 iniquum,
511 1871 578 1910 cum
593 1854 747 1912 exstitisset
762 1855 791 1912 in
806 1856 884 1913 cives
897 1867 979 1916 tanta

188 1944 351 2005 crudelitas.
393 1948 471 2026 Ergo
498 1950 528 2008 in
556 1950 605 2008 illo
632 1963 733 2011 secuta
759 1963 803 2010 est
826 1955 977 2012 honestam

187 2058 304 2100 causam
324 2063 384 2102 non
404 2046 526 2105 honesta
546 2048 674 2107 victoria.
712 2049 770 2108 'Est
790 2051 868 2109 enim
891 2071 978 2110 ausus

187 2137 295 2212 dicere,
310 2141 392 2200 hastd
411 2143 514 2218 positi,
530 2162 597 2202 cum
618 2146 695 2205 bona
716 2147 745 2204 in
762 2148 826 2206 foro
839 2149 978 2208 venderet

186 2245 216 2293 et
242 2237 384 2297 bonorum
411 2241 546 2314 virorum,
574 2253 603 2300 et
629 2244 816 2320 locupletum,
843 2256 872 2303 et
897 2257 976 2305 certe

140 2336 173 2389 m
187 2332 304 2407 civium,
317 2337 443 2412 predam
457 2358 539 2398 suam
554 2359 585 2398 se
599 2342 730 2400 vendere.

225 2430 350 2488 Secutus
376 2443 430 2505 est,
458 2435 517 2509 qui,
547 2436 576 2494 in
604 2439 693 2496 causi
726 2438 824 2516 impie,
853 2442 977 2501 victorii

184 2525 272 2582 etiam
299 2525 428 2600 l'oediore,
456 2549 515 2590 non
550 2533 728 2611 singulorum
757 2538 863 2596 civium
898 2541 977 2599 bona

183 2620 354 2695 publicaret,
369 2625 421 2681 sed
434 2626 583 2686 universas
602 2632 766 2706 provincias
783 2635 976 2713 regionesque

184 2734 244 2773 uno
267 2718 439 2779 calamitatis
459 2723 524 2799 jure
549 2729 814 2805 comprehenderet.
861 2731 975 2810 Itaque,

140 2814 293 2871 &vexatis
313 2826 342 2874 et
361 2817 480 2893 perditis
501 2824 606 2906 exteris
627 2824 803 2900 nationibus,
825 2830 862 2886 ad
879 2849 977 2889 exem·

183 2908 263 2984 plum
287 2913 384 2971 amissi
407 2915 520 2993 imperii
544 2922 650 2997 portari
675 2924 704 2981 in
728 2925 874 3002 triumpho
897 2926 978 2986 Mas·

183 3003 277 3062 silium
300 3006 432 3085 vidimus,
454 3023 484 3071 et
507 3033 544 3073 ex
564 3017 599 3074 ei
623 3020 694 3079 urbe
714 3021 896 3099 triumphari,
911 3025 978 3083 sine

181 3099 242 3177 qud
254 3120 400 3181 nunquam
416 3109 507 3169 nostri
521 3112 708 3191 imperatores
720 3136 758 3178 ex
771 3119 981 3200 Transalpinis
