2167 3609
118 335 192 394 nn]
413 333 457 380 on
476 333 621 381 ormons.
914 319 955 378 63

119 491 223 538 nostra
242 490 347 537 nostrae
368 490 476 539 nature
495 482 595 559 regule
614 482 783 540 metiamur:
816 499 909 559 neque

120 579 201 634 enim
223 579 326 634 attinet
351 596 510 654 repugnare
538 589 656 650 naturae,
677 579 907 654 necquicquam

120 674 213 749 sequi,
236 674 312 748 quod
339 674 449 749 assequi
476 694 608 749 nequeas.
650 675 696 732 Ex
728 695 784 751 quo
817 677 908 755 magis

119 771 254 847 emergit,
270 770 354 844 quale
368 771 405 826 sit
418 771 555 828 decorum
570 771 650 842 illud,
665 771 741 843 ideo,
756 773 824 846 quia
835 772 907 830 nihil

122 867 208 923 decet
229 866 319 923 invite
340 866 386 942 (ut
406 866 497 945 aiunt)
518 866 666 936 Minermi3
687 866 717 923 id
738 877 791 939 est,
812 869 938 929 adver-5

122 973 205 1020 sante
219 973 248 1020 et
262 973 439 1039 repugnante
453 964 564 1020 nature.

163 1058 293 1116 Omnino
314 1058 338 1116 si
359 1059 511 1134 quicquam
532 1070 575 1116 est
601 1059 747 1131 decorum,
768 1059 840 1117 nihil
865 1070 908 1117 est

122 1155 254 1231 prolecto
269 1155 370 1230 magis,
385 1174 469 1230 quam
483 1155 660 1230 aequabilitas
680 1156 819 1214 universae
832 1156 907 1229 vitas,

123 1262 185 1309 tum
196 1251 374 1327 singularum
386 1253 531 1310 actionum
539 1273 547 1322 ;
568 1271 652 1328 quam
668 1271 837 1311 conservare
851 1272 908 1312 nou

121 1348 227 1424 possis,
238 1348 272 1419 si,
285 1347 404 1405 aliorum
414 1357 544 1406 naturam
556 1348 680 1421 imitans,
691 1349 805 1408 omittas
818 1360 905 1408 tuam.
923 1352 954 1404 lo

122 1444 163 1501 Ut
184 1444 261 1501 enirn
282 1462 413 1502 sermone
433 1462 468 1501 eo
488 1444 626 1501 debemus
639 1446 692 1517 uti,
705 1446 754 1521 qui
767 1459 852 1505 notus
865 1457 908 1505 est

122 1541 219 1612 nobis,
233 1560 281 1612 ne,
299 1550 331 1596 ut
350 1540 475 1616 quidam,
490 1542 594 1599 Graeca
615 1542 699 1600 verba
719 1542 908 1616 inculcantes,

120 1636 187 1713 jure
200 1636 309 1711 optimo
324 1636 508 1707 irrideamu13
530 1637 582 1708 sic,
598 1637 626 1694 in
643 1638 769 1695 actiones
782 1657 909 1697 omnem·

123 1752 181 1808 que
208 1732 305 1804 vitam,
325 1731 433 1789 nullam
453 1732 675 1809 discrepantiam
701 1733 832 1793 conferre
860 1736 908 1793 de-

123 1829 233 1886 bemus.
828 1889 833 1900 „
923 1833 954 1889 ts

164 1926 262 2000 Atque
276 1926 339 1983 buc
352 1925 511 1988 differentia
520 1936 686 1985 naturarum
699 1938 807 1987 tautam
822 1927 909 1987 babet

122 2022 192 2093 vim,
204 2031 236 2079 ut
249 2041 454 2095 nonnunquam
469 2033 589 2080 mortem
603 2023 658 2080 sibi
672 2024 733 2099 ipse
747 2025 909 2082 conscisce-

122 2137 155 2174 re
170 2118 243 2175 alius
257 2118 369 2188 debeat,
385 2118 456 2175 alius
470 2118 500 2175 in
514 2119 615 2175 eisdem
627 2120 714 2176 causa
727 2139 785 2178 non
796 2121 907 2178 debeat.

123 2212 205 2270 Num
219 2213 296 2270 enirn
312 2213 367 2270 alis
379 2213 408 2270 in
420 2214 508 2271 causb
522 2212 564 2270 M.
577 2213 723 2284 Catofuit,
735 2214 908 2286 alienatori,

122 2309 173 2385 qui
187 2328 219 2366 se
233 2310 263 2366 iu
277 2309 380 2366 Afrios
400 2309 508 2367 Caesari
522 2309 719 2366 tradiderunt?
749 2309 840 2385 Atqui
855 2329 909 2367 cre·
923 2324 955 2375 ω

122 2406 193 2462 teris
204 2405 323 2462 forsitan
332 2406 400 2463 vitio
411 2406 509 2463 datum
520 2417 605 2476 esset,
614 2404 638 2462 si
646 2424 677 2462 se
688 2405 908 2480 interemissent,

121 2512 274 2578 propterea
295 2502 370 2576 quod
390 2521 488 2559 eorum
508 2501 567 2559 vita
585 2501 687 2573 lenior,
702 2512 731 2559 et
744 2522 837 2561 mores
851 2504 910 2563 sue·

122 2608 189 2654 rant
210 2598 371 2678 faciliores:
399 2598 504 2655 Catoni
520 2608 615 2655 autem
629 2617 695 2656 cum
710 2599 909 2659 incredibilem

122 2695 271 2752 tribuisset
279 2704 381 2752 natura
391 2695 695 2771 gravitatem,eamque
703 2695 910 2771 ipseperpetub

123 2791 288 2847 constantii
310 2790 508 2861 roboravisset,
527 2809 694 2866 semperque
715 2790 745 2848 in
764 2793 910 2867 proposito
923 2812 956 2862 25

123 2896 317 2961 susceptoque
339 2885 461 2942 consilio
488 2884 701 2960 permansisset,
730 2885 910 2945 moriendum
1028 2875 1032 2882 ⁴

122 2982 231 3057 potius,
253 3000 339 3055 quam
368 2980 482 3057 tyranni
502 2969 598 3038 uultus
626 2979 827 3055 adspiciendus
848 2983 908 3041 snit.

121 3077 223 3140 Quam
238 3078 329 3135 multa
340 3096 442 3153 passus
455 3085 499 3135 est
512 3076 628 3152 Ulysses
641 3076 671 3133 in
685 3076 735 3135 illo
745 3095 840 3138 errore
850 3078 911 3136 din·
