2167 3609
135 345 198 408 tat
469 359 515 406 nu
536 356 682 407 omens
887 358 972 419 [nn.

183 506 304 566 multum
318 508 426 581 volunt,
437 527 488 585 per
502 509 629 586 hospites
643 508 717 584 apud
731 517 866 566 ertemos
879 525 972 585 popu·

183 605 226 662 los
246 606 339 663 valere
360 607 463 682 opibus
483 616 512 663 et
531 606 632 682 gratie.
673 604 893 680 Theophrastus
908 606 972 681 qui·

183 700 248 758 dem
275 703 385 774 scribit,
408 702 561 760 Cimonem
585 701 710 758 Athenis
736 702 822 759 etiam
847 701 877 759 in
900 721 971 760 suos

183 798 306 856 curiales
329 799 471 856 Laciadas
494 798 663 874 hospitalem
691 797 796 855 fuisse:
827 797 868 855 ita
890 799 970 857 eninr

151 899 168 947 5
183 893 350 965 instituisse,
364 906 393 953 et
407 878 510 953 villicis
530 895 723 970 imperavisse,
737 904 769 951 ut
783 895 881 952 omnia
900 914 971 972 prar-

183 993 327 1064 berentur‚
348 992 521 1069 quicumque
544 991 685 1050 Laciades
712 990 743 1048 iu
770 991 865 1049 villam
886 1010 970 1050 suam

182 1089 358 1147 devertisset.

222 1280 306 1339 XIX.
327 1280 404 1343 Quae
419 1291 514 1338 autem
527 1279 624 1356 operi,
636 1299 694 1338 nou
708 1279 871 1357 largitione,
883 1280 971 1338 bene·

182 1377 249 1434 ficia
262 1377 375 1448 dantur,
387 1377 449 1434 haec
462 1388 523 1434 tum
535 1377 565 1434 in
576 1378 736 1434 universam
750 1377 969 1453 rempublicam,

136 1478 167 1526 1⁰
182 1483 243 1530 tum
257 1474 287 1530 in
298 1474 425 1550 singulos
436 1474 522 1541 cives,
534 1475 729 1531 conferuntur.
771 1472 847 1530 Nam
862 1473 892 1531 in
904 1473 970 1549 jure

182 1588 294 1642 cavere,
306 1571 427 1628 consilio
438 1570 546 1646 juvare,
560 1580 643 1644 atque
658 1570 712 1627 hoc
723 1570 851 1628 scientiae
861 1588 970 1646 genere

181 1668 317 1741 prodesse
338 1685 422 1741 quam
442 1667 582 1743 plurimis,
597 1666 779 1723 vehementer
798 1665 877 1723 etad
896 1683 969 1741 opes

182 1762 328 1838 augendas
347 1762 481 1838 pertinet,
495 1772 524 1819 et
548 1762 582 1819 ad
601 1762 731 1838 gratiam.
773 1761 885 1836 Itaque,
899 1780 969 1819 cum

181 1858 271 1915 multa
290 1859 428 1934 praeclara
447 1858 596 1934 majorum,
612 1869 672 1915 tum
687 1858 763 1932 quod
777 1858 885 1933 optime
898 1877 969 1915 oon·

135 1966 166 2015 15
182 1955 274 2012 stituti
292 1955 365 2031 juris
384 1955 476 2013 civilis
494 1973 606 2012 summo
621 1972 732 2029 semper
747 1955 776 2011 iu
791 1954 898 2013 honore
913 1955 970 2013 fuit

181 2051 311 2127 cognitio
332 2062 416 2126 atque
434 2050 631 2127 interpretatio
646 2049 744 2126 (quam
759 2051 884 2127 quidem,
900 2061 968 2109 ante

181 2147 256 2204 hauc
270 2148 468 2205 confusionem
490 2158 660 2222 temporum,
675 2147 705 2203 iu
719 2148 899 2223 possessione
913 2149 968 2206 sud

179 2244 325 2320 prinsipes
351 2246 561 2322 retinuerunt);
596 2261 684 2315 nunc,
712 2253 746 2301 ut
773 2244 907 2316 honores,
933 2255 969 2303 ut

179 2360 279 2398 omnes
292 2341 440 2417 dignitatis
451 2342 565 2417 gradus,
577 2340 620 2397 sic
634 2340 719 2416 hujus
733 2339 860 2398 scientiar
874 2341 969 2416 splen·

132 2448 164 2496 20
180 2436 232 2493 dor
257 2436 367 2493 deletus
391 2446 449 2493 est:
478 2429 565 2510 idque
589 2454 625 2493 eo
648 2436 806 2513 indignius,
829 2438 906 2512 quod
930 2456 967 2496 eo

180 2542 306 2607 tempore
327 2532 383 2588 hoo
404 2531 535 2608 contigit,
557 2551 624 2589 oum
645 2532 670 2589 is
690 2543 774 2604 esset,
795 2534 844 2608 qui
866 2553 968 2592 omnes

179 2627 349 2704 superiores,
377 2627 479 2702 quibus
512 2629 622 2686 honore
653 2648 704 2704 par
731 2640 815 2701 esset,
844 2631 968 2689 scientiis

179 2723 264 2780 facile
284 2724 407 2781 vicisset.
449 2723 523 2782 Haec
543 2725 631 2802 igitur
651 2743 738 2801 opera
757 2737 839 2802 grata
858 2727 967 2799 multis,

178 2829 208 2878 et
229 2819 265 2876 ad
285 2820 434 2878 beneficiis
453 2821 675 2900 obstringendos
699 2822 831 2880 homines
855 2842 969 2882 socom·

131 2928 163 2978 25
178 2916 301 2973 modata.

217 3011 316 3085 Atque
336 3010 406 3069 huic
426 3013 480 3070 arti
499 3013 622 3071 finitima
644 3024 688 3072 est
711 3014 829 3072 dicendi
854 3016 970 3093 gravior

177 3107 310 3181 incultas,
337 3116 367 3165 et
393 3108 512 3186 gratior,
539 3119 569 3168 et
594 3111 731 3172 ornatior.
778 3110 862 3175 Quid
885 3112 969 3202 enim
