2167 3609
148 360 188 419 dt)
461 367 505 414 nn
526 367 672 415 omens.
907 368 948 430 [u.
962 366 984 413 r.

192 516 278 593 hique
302 516 475 575 arbitrantur
499 535 532 574 se
556 517 702 576 beneficos
726 516 756 575 in
780 535 846 574 suos
870 515 983 572 amicos

192 614 282 671 viaurn
302 613 347 686 iri,
361 613 386 671 si
405 612 582 689 locupletent
596 632 645 672 eos
659 615 840 689 quicumque
860 611 980 670 ratione.

191 708 225 766 Id
251 719 346 767 autem
370 718 482 767 tantum
506 710 587 768 abeat
608 710 713 783 officio,
737 720 768 766 ut
792 708 863 767 nihil
887 707 981 783 magis

191 806 288 863 officio
314 807 403 883 possit
430 825 493 865 esse
519 807 705 865 contrarium.
746 805 914 864 Videndum
933 813 980 860 est

161 912 178 960 5
191 903 288 979 igitur,
304 914 335 960 ut
347 904 383 960 ed
396 903 568 962 liberalitate
588 913 712 975 utamur,
727 921 789 979 qua
802 901 893 978 prosit
907 900 979 957 arni·

190 999 243 1071 cis,
258 1008 363 1057 noceat
384 999 502 1058 nemini.
543 999 645 1060 Quare
660 999 693 1057 L.
709 999 807 1069 Sulla,
822 1008 851 1056 et
865 996 898 1055 Ο.
914 996 978 1056 Cae·

189 1097 271 1168 saris,
286 1097 474 1173 pecuniarum
493 1095 642 1154 translatio
663 1115 681 1153 a
696 1095 782 1171 justis
802 1093 925 1152 dominis
939 1093 978 1151 ad

189 1193 300 1250 alienos
313 1212 370 1250 non
384 1194 470 1250 debet
479 1191 607 1251 liberalis
618 1192 716 1250 videri.
750 1191 832 1250 Nihil
844 1201 888 1249 est
897 1190 977 1247 enim

188 1288 317 1360 liberale,
331 1288 407 1365 quod
422 1306 481 1345 uon
495 1289 572 1345 idern
584 1289 701 1365 justum.

145 1397 175 1446 10
228 1385 311 1443 Alter
325 1395 386 1442 erat
399 1384 481 1441 locus
495 1385 649 1456 cautionis,
658 1403 695 1443 ne
706 1384 870 1462 benignitas
883 1383 975 1459 major

188 1489 273 1551 esset,
295 1499 380 1555 quam
408 1480 576 1538 facultates:
605 1479 691 1556 quod,
714 1480 763 1554 qui
790 1479 975 1556 benigniores

186 1577 285 1633 volunt
298 1595 362 1633 esse
378 1595 463 1650 quarn
483 1596 529 1633 res
548 1576 664 1652 patitur,
678 1576 800 1652 primum
816 1577 844 1632 in
859 1594 895 1632 eo
909 1594 975 1651 pec-

187 1681 264 1742 cant,
289 1673 364 1747 quod
392 1672 522 1748 injuriosi
546 1683 613 1730 suut
640 1672 669 1729 in
697 1672 847 1748 proximos.
888 1671 974 1732 Quas

186 1768 265 1824 enim
280 1768 376 1843 copias
397 1768 441 1825 his
461 1779 490 1825 et
510 1768 686 1844 suppeditari
707 1769 816 1843 aequtus
831 1779 875 1825 est
888 1779 918 1825 et
932 1787 974 1825 re·

143 1883 173 1931 15
186 1864 286 1939 linqui,
302 1884 350 1923 aas
371 1865 547 1922 transierunt
569 1866 604 1922 ad
625 1865 740 1923 alienos.
782 1865 862 1923 Inest
877 1875 972 1923 autem

185 1960 215 2017 in
236 1960 286 2017 tali
302 1961 472 2019 liberalitate
493 1961 636 2037 cupiditas
655 1962 822 2037 plerumque
842 1962 972 2038 rapiendi

184 2066 213 2113 et
229 2057 376 2115 auferendi
396 2076 446 2134 per
462 2058 604 2133 injuriam,
619 2067 650 2114 ut
666 2058 700 2115 ad
715 2059 893 2135 largiendum
909 2078 973 2135 sup»

184 2162 283 2229 petant
293 2154 392 2229 copiae.
427 2154 535 2212 Videre
549 2154 636 2212 etiarn
649 2154 719 2213 licet
731 2155 882 2231 plerosque
897 2154 971 2230 (non

184 2261 242 2306 tam
261 2251 364 2308 natura
378 2250 520 2322 liberales,
536 2270 621 2326 quarn
643 2250 767 2326 quidam
789 2251 880 2327 gloria
902 2253 971 2309 duo·

139 2348 253 2424 notos),
275 2358 306 2405 ut
332 2347 455 2405 benefici
475 2348 635 2418 videantur,
658 2348 753 2405 facere
778 2347 878 2418 multa,
906 2368 970 2422 quae

182 2442 326 2516 proficisci
342 2444 378 2500 ab
387 2444 579 2500 ostentatione
594 2444 685 2519 magis
696 2462 780 2517 quam
796 2444 970 2502 avoluntate

183 2536 341 2594 videantur.
382 2537 465 2594 Talis
494 2548 588 2596 autem
617 2538 762 2596 simulatio
783 2539 901 2596 vanitati
925 2551 970 2598 est

183 2632 377 2707 conjunctior,
391 2651 476 2707 quarn
492 2645 540 2692 aut
560 2633 726 2691 liberalitati
745 2646 794 2692 aut
814 2637 967 2696 honestati.

98 2796 100 2801 ,
221 2728 354 2786 Tertium
378 2738 423 2786 est
448 2729 635 2805 propositum,
658 2739 690 2788 ut
717 2731 747 2787 in
774 2731 968 2792 benefiaentit

137 2843 169 2893 25
182 2824 311 2883 delectus
331 2833 406 2884 esset
424 2825 590 2902 dignitatis:
612 2825 642 2882 in
663 2845 720 2902 quo
740 2837 770 2884 et
789 2846 885 2885 mores
903 2829 968 2905 ejus

182 2932 266 2979 erunt
280 2922 440 2998 spectandi,
455 2922 485 2980 in
500 2941 586 2997 quem
601 2923 775 2981 beneficium
790 2925 966 2998 conferetur,

181 3027 210 3075 et
231 3018 342 3076 animus
362 3036 431 3095 erga
449 3037 513 3091 nos,
532 3029 564 3076 et
584 3019 775 3077 communitas
789 3038 824 3078 ac
843 3022 967 3081 societas

180 3114 256 3189 vite,
268 3124 299 3174 et
312 3114 349 3174 ad
368 3125 479 3175 nostru
497 3115 636 3178 utilitates
653 3114 749 3175 officia
761 3126 829 3177 ante
841 3117 965 3179 colina:
