<?xml version="1.0" encoding="UTF-8"?>
<!DOCTYPE html PUBLIC "-//W3C//DTD XHTML 1.0 Transitional//EN"
    "http://www.w3.org/TR/xhtml1/DTD/xhtml1-transitional.dtd">
<html xmlns="http://www.w3.org/1999/xhtml" xml:lang="en" lang="en">
 <head>
  <title>
</title>
<meta http-equiv="Content-Type" content="text/html;charset=utf-8" />
  <meta name='ocr-system' content='tesseract 3.04.00' />
  <meta name='ocr-capabilities' content='ocr_page ocr_carea ocr_par ocr_line ocrx_word'/>
</head>
<body>
  <div class='ocr_page' id='page_1' title='image "./mtciceronisdeof01dillgoog/mtciceronisdeof01dillgoog_0080.png"; bbox 0 0 2167 3609; ppageno 0'>
   <div class='ocr_carea' id='block_1_1' title="bbox 143 345 979 414">
    <p class='ocr_par' dir='ltr' id='par_1_1' title="bbox 143 345 979 414">
     <span class='ocr_line' id='line_1_1' title="bbox 143 345 979 414; baseline -0.008 -7"><span class='ocrx_word' id='word_1_1' title='bbox 143 345 187 407; x_wconf 77' lang='lat' dir='ltr'>rt</span> <span class='ocrx_word' id='word_1_2' title='bbox 482 357 525 403; x_wconf 81' lang='lat' dir='ltr'>nn</span> <span class='ocrx_word' id='word_1_3' title='bbox 541 355 686 402; x_wconf 73' lang='lat' dir='ltr'>omens.</span> <span class='ocrx_word' id='word_1_4' title='bbox 909 353 949 414; x_wconf 79' lang='lat' dir='ltr'>[t.</span> <span class='ocrx_word' id='word_1_5' title='bbox 959 353 979 401; x_wconf 91' lang='lat'>1.</span> 
     </span>
    </p>
   </div>
   <div class='ocr_carea' id='block_1_2' title="bbox 192 502 981 870">
    <p class='ocr_par' dir='ltr' id='par_1_2' title="bbox 192 502 981 677">
     <span class='ocr_line' id='line_1_2' title="bbox 192 502 981 581; baseline -0.006 -18"><span class='ocrx_word' id='word_1_6' title='bbox 192 505 455 581; x_wconf 75' lang='lat' dir='ltr'><strong>sententiarumque</strong></span> <span class='ocrx_word' id='word_1_7' title='bbox 464 516 609 581; x_wconf 74' lang='lat' dir='ltr'>precepta</span> <span class='ocrx_word' id='word_1_8' title='bbox 621 514 697 576; x_wconf 89' lang='lat' dir='ltr'>sunt,</span> <span class='ocrx_word' id='word_1_9' title='bbox 708 502 810 561; x_wconf 84' lang='lat' dir='ltr'>eadem</span> <span class='ocrx_word' id='word_1_10' title='bbox 823 502 858 559; x_wconf 83' lang='lat' dir='ltr'>ud</span> <span class='ocrx_word' id='word_1_11' title='bbox 872 520 981 559; x_wconf 83' lang='lat' dir='ltr'>sermo·</span> 
     </span>
     <span class='ocr_line' id='line_1_3' title="bbox 192 602 466 677; baseline 0.004 -19"><span class='ocrx_word' id='word_1_12' title='bbox 192 619 259 659; x_wconf 87' lang='lat' dir='ltr'>nem</span> <span class='ocrx_word' id='word_1_13' title='bbox 272 602 466 677; x_wconf 87' lang='lat' dir='ltr'>pertinebunt.</span> 
     </span>
    </p>

    <p class='ocr_par' dir='ltr' id='par_1_3' title="bbox 192 696 978 870">
     <span class='ocr_line' id='line_1_4' title="bbox 232 696 976 770; baseline -0.005 -14"><span class='ocrx_word' id='word_1_14' title='bbox 232 698 302 770; x_wconf 87' lang='lat' dir='ltr'>Sed,</span> <span class='ocrx_word' id='word_1_15' title='bbox 317 717 384 756; x_wconf 91' lang='lat' dir='ltr'>cum</span> <span class='ocrx_word' id='word_1_16' title='bbox 399 698 538 755; x_wconf 80' lang='lat' dir='ltr'>orationis</span> <span class='ocrx_word' id='word_1_17' title='bbox 552 697 678 755; x_wconf 89' lang='lat' dir='ltr'>indicem</span> <span class='ocrx_word' id='word_1_18' title='bbox 690 715 788 754; x_wconf 87' lang='lat' dir='ltr'>vocem</span> <span class='ocrx_word' id='word_1_19' title='bbox 803 696 976 765; x_wconf 83' lang='lat' dir='ltr'>habeamus;</span> 
     </span>
     <span class='ocr_line' id='line_1_5' title="bbox 192 785 978 870; baseline -0.005 -19"><span class='ocrx_word' id='word_1_20' title='bbox 192 794 223 852; x_wconf 94' lang='lat' dir='ltr'>in</span> <span class='ocrx_word' id='word_1_21' title='bbox 244 813 316 853; x_wconf 87' lang='lat' dir='ltr'>voce</span> <span class='ocrx_word' id='word_1_22' title='bbox 340 805 434 853; x_wconf 81' lang='lat' dir='ltr'>autem</span> <span class='ocrx_word' id='word_1_23' title='bbox 457 785 521 852; x_wconf 72' lang='grc' dir='ltr'>ἀυό</span> <span class='ocrx_word' id='word_1_24' title='bbox 537 813 699 870; x_wconf 84' lang='lat' dir='ltr'>sequamur,</span> <span class='ocrx_word' id='word_1_25' title='bbox 722 803 753 851; x_wconf 88' lang='lat' dir='ltr'>nt</span> <span class='ocrx_word' id='word_1_26' title='bbox 774 792 920 862; x_wconf 76' lang='lat' dir='ltr'>clarecit,</span> <span class='ocrx_word' id='word_1_27' title='bbox 945 802 978 848; x_wconf 88' lang='lat' dir='ltr'>ut</span> 
     </span>
    </p>
   </div>
   <div class='ocr_carea' id='block_1_3' title="bbox 161 889 1075 967">
    <p class='ocr_par' dir='ltr' id='par_1_4' title="bbox 161 889 1075 967">
     <span class='ocr_line' id='line_1_6' title="bbox 161 889 1075 967; baseline -0.005 -19"><span class='ocrx_word' id='word_1_28' title='bbox 161 891 305 962; x_wconf 57' lang='lat' dir='ltr'>benevim</span> <span class='ocrx_word' id='word_1_29' title='bbox 336 902 489 967; x_wconf 88' lang='lat' dir='ltr'>utrumque</span> <span class='ocrx_word' id='word_1_30' title='bbox 512 892 631 948; x_wconf 90' lang='lat' dir='ltr'>omnino</span> <span class='ocrx_word' id='word_1_31' title='bbox 656 910 672 947; x_wconf 84' lang='lat' dir='ltr'>a</span> <span class='ocrx_word' id='word_1_32' title='bbox 695 890 798 947; x_wconf 68' lang='lat' dir='ltr'>naturit</span> <span class='ocrx_word' id='word_1_33' title='bbox 820 889 977 964; x_wconf 87' lang='lat' dir='ltr'>petendum</span> <span class='ocrx_word' id='word_1_34' title='bbox 1074 897 1075 950; x_wconf 57' lang='lat' dir='ltr'>t</span> 
     </span>
    </p>
   </div>
   <div class='ocr_carea' id='block_1_4' title="bbox 147 957 1075 3086">
    <p class='ocr_par' dir='ltr' id='par_1_5' title="bbox 147 957 1075 2316">
     <span class='ocr_line' id='line_1_7' title="bbox 192 957 1075 1063; baseline -0.007 -18"><span class='ocrx_word' id='word_1_35' title='bbox 192 998 252 1045; x_wconf 88' lang='lat' dir='ltr'>est:</span> <span class='ocrx_word' id='word_1_36' title='bbox 273 1006 372 1045; x_wconf 88' lang='lat' dir='ltr'>verum</span> <span class='ocrx_word' id='word_1_37' title='bbox 389 988 510 1046; x_wconf 79' lang='lat' dir='ltr'>ultorum</span> <span class='ocrx_word' id='word_1_38' title='bbox 528 987 697 1044; x_wconf 79' lang='lat' dir='ltr'>exercitatio</span> <span class='ocrx_word' id='word_1_39' title='bbox 716 985 841 1063; x_wconf 81' lang='lat' dir='ltr'>augebit,</span> <span class='ocrx_word' id='word_1_40' title='bbox 858 984 977 1041; x_wconf 86' lang='lat' dir='ltr'>alterum</span> <span class='ocrx_word' id='word_1_41' title='bbox 1074 957 1075 1026; x_wconf 40' lang='lat' dir='ltr'>i</span> 
     </span>
     <span class='ocr_line' id='line_1_8' title="bbox 191 1081 976 1161; baseline -0.004 -21"><span class='ocrx_word' id='word_1_42' title='bbox 191 1083 315 1142; x_wconf 80' lang='lat' dir='ltr'>imitatio</span> <span class='ocrx_word' id='word_1_43' title='bbox 323 1104 421 1161; x_wconf 88' lang='lat' dir='ltr'>presse</span> <span class='ocrx_word' id='word_1_44' title='bbox 431 1084 611 1159; x_wconf 89' lang='lat' dir='ltr'>loquentium</span> <span class='ocrx_word' id='word_1_45' title='bbox 621 1097 650 1140; x_wconf 89' lang='lat' dir='ltr'>et</span> <span class='ocrx_word' id='word_1_46' title='bbox 660 1083 771 1140; x_wconf 89' lang='lat' dir='ltr'>leniter.</span> <span class='ocrx_word' id='word_1_47' title='bbox 805 1081 888 1139; x_wconf 83' lang='lat' dir='ltr'>Nihil</span> <span class='ocrx_word' id='word_1_48' title='bbox 898 1081 976 1138; x_wconf 81' lang='lat' dir='ltr'>uliud</span> 
     </span>
     <span class='ocr_line' id='line_1_9' title="bbox 192 1178 978 1255; baseline -0.005 -17"><span class='ocrx_word' id='word_1_49' title='bbox 192 1180 246 1238; x_wconf 80' lang='lat' dir='ltr'>tuit</span> <span class='ocrx_word' id='word_1_50' title='bbox 262 1181 292 1238; x_wconf 90' lang='lat' dir='ltr'>in</span> <span class='ocrx_word' id='word_1_51' title='bbox 307 1180 428 1252; x_wconf 78' lang='lat' dir='ltr'>Catulis,</span> <span class='ocrx_word' id='word_1_52' title='bbox 442 1191 474 1238; x_wconf 94' lang='lat' dir='ltr'>ut</span> <span class='ocrx_word' id='word_1_53' title='bbox 495 1192 547 1238; x_wconf 78' lang='lat' dir='ltr'>eos</span> <span class='ocrx_word' id='word_1_54' title='bbox 567 1179 710 1255; x_wconf 80' lang='lat' dir='ltr'>exquisito</span> <span class='ocrx_word' id='word_1_55' title='bbox 728 1178 840 1254; x_wconf 88' lang='lat' dir='ltr'>judicio</span> <span class='ocrx_word' id='word_1_56' title='bbox 860 1187 978 1252; x_wconf 82' lang='lat' dir='ltr'>putares</span> 
     </span>
     <span class='ocr_line' id='line_1_10' title="bbox 192 1273 977 1351; baseline -0.005 -18"><span class='ocrx_word' id='word_1_57' title='bbox 192 1277 235 1333; x_wconf 88' lang='lat' dir='ltr'>uti</span> <span class='ocrx_word' id='word_1_58' title='bbox 257 1277 421 1347; x_wconf 79' lang='lat' dir='ltr'>literarum3</span> <span class='ocrx_word' id='word_1_59' title='bbox 442 1295 606 1351; x_wconf 79' lang='lat' dir='ltr'>quenquam</span> <span class='ocrx_word' id='word_1_60' title='bbox 630 1285 711 1331; x_wconf 82' lang='lat' dir='ltr'>erant</span> <span class='ocrx_word' id='word_1_61' title='bbox 732 1274 854 1331; x_wconf 79' lang='lat' dir='ltr'>literati:</span> <span class='ocrx_word' id='word_1_62' title='bbox 876 1273 926 1330; x_wconf 87' lang='lat' dir='ltr'>sed</span> <span class='ocrx_word' id='word_1_63' title='bbox 947 1282 977 1329; x_wconf 88' lang='lat' dir='ltr'>et</span> 
     </span>
     <span class='ocr_line' id='line_1_11' title="bbox 147 1371 977 1449; baseline 0.001 -24"><span class='ocrx_word' id='word_1_64' title='bbox 147 1375 179 1425; x_wconf 84' lang='lat'>10</span> <span class='ocrx_word' id='word_1_65' title='bbox 194 1372 258 1429; x_wconf 79' lang='lat' dir='ltr'>atii:</span> <span class='ocrx_word' id='word_1_66' title='bbox 280 1371 310 1429; x_wconf 91' lang='lat' dir='ltr'>hi</span> <span class='ocrx_word' id='word_1_67' title='bbox 325 1382 419 1429; x_wconf 85' lang='lat' dir='ltr'>autem</span> <span class='ocrx_word' id='word_1_68' title='bbox 434 1373 541 1448; x_wconf 91' lang='lat' dir='ltr'>optime</span> <span class='ocrx_word' id='word_1_69' title='bbox 556 1372 598 1428; x_wconf 88' lang='lat' dir='ltr'>uti</span> <span class='ocrx_word' id='word_1_70' title='bbox 611 1371 711 1449; x_wconf 56' lang='lat' dir='ltr'>lingua</span> <span class='ocrx_word' id='word_1_71' title='bbox 725 1371 828 1428; x_wconf 65' lang='lat' dir='ltr'>Latine</span> <span class='ocrx_word' id='word_1_72' title='bbox 838 1371 977 1447; x_wconf 83' lang='lat' dir='ltr'>putaban-</span> 
     </span>
     <span class='ocr_line' id='line_1_12' title="bbox 148 1453 977 1542; baseline -0.002 -18"><span class='ocrx_word' id='word_1_73' title='bbox 148 1453 151 1460; x_wconf 40' lang='lat'><strong>¹</strong></span> <span class='ocrx_word' id='word_1_74' title='bbox 192 1476 247 1525; x_wconf 89' lang='lat' dir='ltr'>tur.</span> <span class='ocrx_word' id='word_1_75' title='bbox 289 1468 386 1524; x_wconf 85' lang='lat' dir='ltr'>Sonus</span> <span class='ocrx_word' id='word_1_76' title='bbox 403 1478 464 1526; x_wconf 85' lang='lat' dir='ltr'>erat</span> <span class='ocrx_word' id='word_1_77' title='bbox 484 1467 593 1524; x_wconf 87' lang='lat' dir='ltr'>dulcis:</span> <span class='ocrx_word' id='word_1_78' title='bbox 613 1467 704 1524; x_wconf 83' lang='lat' dir='ltr'>literae</span> <span class='ocrx_word' id='word_1_79' title='bbox 725 1485 818 1542; x_wconf 86' lang='lat' dir='ltr'>neque</span> <span class='ocrx_word' id='word_1_80' title='bbox 836 1484 977 1541; x_wconf 72' lang='lat' dir='ltr'>expresse</span> 
     </span>
     <span class='ocr_line' id='line_1_13' title="bbox 189 1562 977 1640; baseline -0.004 -19"><span class='ocrx_word' id='word_1_81' title='bbox 189 1581 287 1638; x_wconf 85' lang='lat' dir='ltr'>neque</span> <span class='ocrx_word' id='word_1_82' title='bbox 300 1581 453 1640; x_wconf 71' lang='lat' dir='ltr'>oppressae,</span> <span class='ocrx_word' id='word_1_83' title='bbox 467 1583 504 1621; x_wconf 90' lang='lat' dir='ltr'>ne</span> <span class='ocrx_word' id='word_1_84' title='bbox 520 1574 569 1621; x_wconf 84' lang='lat' dir='ltr'>aut</span> <span class='ocrx_word' id='word_1_85' title='bbox 582 1565 737 1620; x_wconf 87' lang='lat' dir='ltr'>obscurum</span> <span class='ocrx_word' id='word_1_86' title='bbox 751 1573 827 1620; x_wconf 84' lang='lat' dir='ltr'>esset</span> <span class='ocrx_word' id='word_1_87' title='bbox 842 1572 889 1620; x_wconf 82' lang='lat' dir='ltr'>aut</span> <span class='ocrx_word' id='word_1_88' title='bbox 902 1562 977 1637; x_wconf 87' lang='lat' dir='ltr'>puti-</span> 
     </span>
     <span class='ocr_line' id='line_1_14' title="bbox 192 1658 978 1735; baseline -0.001 -19"><span class='ocrx_word' id='word_1_89' title='bbox 192 1659 278 1716; x_wconf 90' lang='lat' dir='ltr'>dum:</span> <span class='ocrx_word' id='word_1_90' title='bbox 300 1658 363 1716; x_wconf 80' lang='lat' dir='ltr'>uine</span> <span class='ocrx_word' id='word_1_91' title='bbox 384 1660 571 1717; x_wconf 84' lang='lat' dir='ltr'>contentione</span> <span class='ocrx_word' id='word_1_92' title='bbox 593 1678 656 1730; x_wconf 81' lang='lat' dir='ltr'>vox,</span> <span class='ocrx_word' id='word_1_93' title='bbox 680 1678 735 1715; x_wconf 87' lang='lat' dir='ltr'>nec</span> <span class='ocrx_word' id='word_1_94' title='bbox 756 1658 905 1735; x_wconf 81' lang='lat' dir='ltr'>languens,</span> <span class='ocrx_word' id='word_1_95' title='bbox 920 1675 978 1715; x_wconf 87' lang='lat' dir='ltr'>nec</span> 
     </span>
     <span class='ocr_line' id='line_1_15' title="bbox 193 1754 977 1826; baseline -0.001 -14"><span class='ocrx_word' id='word_1_96' title='bbox 193 1772 308 1813; x_wconf 72' lang='lat' dir='ltr'>canore</span> <span class='ocrx_word' id='word_1_97' title='bbox 349 1754 472 1813; x_wconf 84' lang='lat' dir='ltr'>Uberior</span> <span class='ocrx_word' id='word_1_98' title='bbox 499 1756 592 1813; x_wconf 86' lang='lat' dir='ltr'>oratio</span> <span class='ocrx_word' id='word_1_99' title='bbox 618 1756 651 1813; x_wconf 90' lang='lat' dir='ltr'>L.</span> <span class='ocrx_word' id='word_1_100' title='bbox 674 1755 782 1826; x_wconf 81' lang='lat' dir='ltr'>Crassi,</span> <span class='ocrx_word' id='word_1_101' title='bbox 804 1773 859 1811; x_wconf 89' lang='lat' dir='ltr'>nec</span> <span class='ocrx_word' id='word_1_102' title='bbox 880 1754 977 1812; x_wconf 87' lang='lat' dir='ltr'>minus</span> 
     </span>
     <span class='ocr_line' id='line_1_16' title="bbox 148 1850 977 1929; baseline -0.005 -18"><span class='ocrx_word' id='word_1_103' title='bbox 148 1861 180 1911; x_wconf 83' lang='lat'>15</span> <span class='ocrx_word' id='word_1_104' title='bbox 194 1850 305 1909; x_wconf 84' lang='lat' dir='ltr'>faceta:</span> <span class='ocrx_word' id='word_1_105' title='bbox 325 1851 375 1909; x_wconf 81' lang='lat' dir='ltr'>sed</span> <span class='ocrx_word' id='word_1_106' title='bbox 391 1853 465 1910; x_wconf 90' lang='lat' dir='ltr'>bene</span> <span class='ocrx_word' id='word_1_107' title='bbox 478 1853 615 1929; x_wconf 88' lang='lat' dir='ltr'>loquendi</span> <span class='ocrx_word' id='word_1_108' title='bbox 629 1852 666 1910; x_wconf 85' lang='lat' dir='ltr'>de</span> <span class='ocrx_word' id='word_1_109' title='bbox 679 1852 791 1910; x_wconf 82' lang='lat' dir='ltr'>Catulis</span> <span class='ocrx_word' id='word_1_110' title='bbox 804 1851 903 1926; x_wconf 91' lang='lat' dir='ltr'>opinio</span> <span class='ocrx_word' id='word_1_111' title='bbox 916 1868 977 1908; x_wconf 89' lang='lat' dir='ltr'>non</span> 
     </span>
     <span class='ocr_line' id='line_1_17' title="bbox 194 1947 1011 2024; baseline -0.001 -19"><span class='ocrx_word' id='word_1_112' title='bbox 194 1947 296 2007; x_wconf 87' lang='lat' dir='ltr'>minor.</span> <span class='ocrx_word' id='word_1_113' title='bbox 326 1950 394 2006; x_wconf 81' lang='lat' dir='ltr'>Sele</span> <span class='ocrx_word' id='word_1_114' title='bbox 407 1968 475 2007; x_wconf 86' lang='lat' dir='ltr'>vero</span> <span class='ocrx_word' id='word_1_115' title='bbox 490 1960 519 2007; x_wconf 93' lang='lat' dir='ltr'>et</span> <span class='ocrx_word' id='word_1_116' title='bbox 533 1949 646 2007; x_wconf 84' lang='lat' dir='ltr'>facetiis</span> <span class='ocrx_word' id='word_1_117' title='bbox 660 1948 767 2020; x_wconf 84' lang='lat' dir='ltr'>Caesar,</span> <span class='ocrx_word' id='word_1_118' title='bbox 777 1948 873 2005; x_wconf 87' lang='lat' dir='ltr'>Catuli</span> <span class='ocrx_word' id='word_1_119' title='bbox 886 1947 977 2024; x_wconf 83' lang='lat' dir='ltr'>patris</span> <span class='ocrx_word' id='word_1_120' title='bbox 1002 1965 1011 1984; x_wconf 85' lang='lat'><strong>·</strong></span> 
     </span>
     <span class='ocr_line' id='line_1_18' title="bbox 193 2044 977 2121; baseline -0.005 -17"><span class='ocrx_word' id='word_1_121' title='bbox 193 2046 289 2117; x_wconf 80' lang='lat' dir='ltr'>trater,</span> <span class='ocrx_word' id='word_1_122' title='bbox 300 2046 370 2104; x_wconf 85' lang='lat' dir='ltr'>vicit</span> <span class='ocrx_word' id='word_1_123' title='bbox 384 2065 500 2116; x_wconf 64' lang='lat' dir='ltr'>omnem</span> <span class='ocrx_word' id='word_1_124' title='bbox 522 2056 554 2103; x_wconf 92' lang='lat' dir='ltr'>ut</span> <span class='ocrx_word' id='word_1_125' title='bbox 568 2046 597 2103; x_wconf 90' lang='lat' dir='ltr'>iu</span> <span class='ocrx_word' id='word_1_126' title='bbox 612 2046 675 2121; x_wconf 86' lang='lat' dir='ltr'>ipso</span> <span class='ocrx_word' id='word_1_127' title='bbox 689 2045 739 2102; x_wconf 92' lang='lat' dir='ltr'>illo</span> <span class='ocrx_word' id='word_1_128' title='bbox 753 2044 858 2102; x_wconf 87' lang='lat' dir='ltr'>forensi</span> <span class='ocrx_word' id='word_1_129' title='bbox 869 2062 977 2121; x_wconf 85' lang='lat' dir='ltr'>genere</span> 
     </span>
     <span class='ocr_line' id='line_1_19' title="bbox 193 2141 963 2201; baseline -0.001 -3"><span class='ocrx_word' id='word_1_130' title='bbox 193 2141 310 2200; x_wconf 86' lang='lat' dir='ltr'>dicendi</span> <span class='ocrx_word' id='word_1_131' title='bbox 325 2143 529 2201; x_wconf 77' lang='lat' dir='ltr'>contentiones</span> <span class='ocrx_word' id='word_1_132' title='bbox 545 2143 665 2199; x_wconf 83' lang='lat' dir='ltr'>aliorum</span> <span class='ocrx_word' id='word_1_133' title='bbox 679 2160 811 2198; x_wconf 80' lang='lat' dir='ltr'>sermone</span> <span class='ocrx_word' id='word_1_134' title='bbox 825 2141 963 2197; x_wconf 89' lang='lat' dir='ltr'>vinceret.</span> 
     </span>
     <span class='ocr_line' id='line_1_20' title="bbox 232 2236 977 2316; baseline -0.001 -21"><span class='ocrx_word' id='word_1_135' title='bbox 232 2236 267 2296; x_wconf 91' lang='lat' dir='ltr'>In</span> <span class='ocrx_word' id='word_1_136' title='bbox 284 2239 418 2298; x_wconf 88' lang='lat' dir='ltr'>omnibns</span> <span class='ocrx_word' id='word_1_137' title='bbox 438 2239 525 2316; x_wconf 84' lang='lat' dir='ltr'>igitur</span> <span class='ocrx_word' id='word_1_138' title='bbox 541 2238 587 2295; x_wconf 89' lang='lat' dir='ltr'>his</span> <span class='ocrx_word' id='word_1_139' title='bbox 605 2237 810 2295; x_wconf 78' lang='lat' dir='ltr'>elaborandum</span> <span class='ocrx_word' id='word_1_140' title='bbox 828 2247 881 2307; x_wconf 83' lang='lat' dir='ltr'>est,</span> <span class='ocrx_word' id='word_1_141' title='bbox 896 2236 931 2307; x_wconf 84' lang='lat' dir='ltr'>si,</span> <span class='ocrx_word' id='word_1_142' title='bbox 947 2236 977 2294; x_wconf 87' lang='lat' dir='ltr'>in</span> 
     </span>
    </p>

    <p class='ocr_par' dir='ltr' id='par_1_6' title="bbox 147 2333 978 2794">
     <span class='ocr_line' id='line_1_21' title="bbox 147 2333 978 2410; baseline -0.008 -13"><span class='ocrx_word' id='word_1_143' title='bbox 147 2346 180 2397; x_wconf 69' lang='lat'>⁹0</span> <span class='ocrx_word' id='word_1_144' title='bbox 192 2335 273 2392; x_wconf 89' lang='lat' dir='ltr'>omni</span> <span class='ocrx_word' id='word_1_145' title='bbox 286 2355 327 2408; x_wconf 89' lang='lat' dir='ltr'>re,</span> <span class='ocrx_word' id='word_1_146' title='bbox 339 2336 407 2410; x_wconf 90' lang='lat' dir='ltr'>quid</span> <span class='ocrx_word' id='word_1_147' title='bbox 422 2336 534 2408; x_wconf 83' lang='lat' dir='ltr'>deceat,</span> <span class='ocrx_word' id='word_1_148' title='bbox 546 2335 730 2409; x_wconf 81' lang='lat' dir='ltr'>exquirimus.</span> <span class='ocrx_word' id='word_1_149' title='bbox 771 2334 816 2391; x_wconf 88' lang='lat' dir='ltr'>Sit</span> <span class='ocrx_word' id='word_1_150' title='bbox 827 2333 913 2410; x_wconf 87' lang='lat' dir='ltr'>igitur</span> <span class='ocrx_word' id='word_1_151' title='bbox 928 2333 978 2390; x_wconf 92' lang='lat' dir='ltr'>hic</span> 
     </span>
     <span class='ocr_line' id='line_1_22' title="bbox 192 2431 978 2507; baseline 0.001 -19"><span class='ocrx_word' id='word_1_152' title='bbox 192 2450 297 2503; x_wconf 79' lang='lat' dir='ltr'>sermo,</span> <span class='ocrx_word' id='word_1_153' title='bbox 311 2432 341 2489; x_wconf 93' lang='lat' dir='ltr'>in</span> <span class='ocrx_word' id='word_1_154' title='bbox 356 2451 413 2507; x_wconf 90' lang='lat' dir='ltr'>quo</span> <span class='ocrx_word' id='word_1_155' title='bbox 432 2431 576 2489; x_wconf 81' lang='lat' dir='ltr'>Socratici</span> <span class='ocrx_word' id='word_1_156' title='bbox 595 2432 718 2489; x_wconf 82' lang='lat' dir='ltr'>maxime</span> <span class='ocrx_word' id='word_1_157' title='bbox 734 2432 888 2502; x_wconf 78' lang='lat' dir='ltr'>excellunt,</span> <span class='ocrx_word' id='word_1_158' title='bbox 903 2431 978 2489; x_wconf 78' lang='lat' dir='ltr'>leuis</span> 
     </span>
     <span class='ocr_line' id='line_1_23' title="bbox 192 2511 978 2602; baseline 0 -18"><span class='ocrx_word' id='word_1_159' title='bbox 192 2511 366 2600; x_wconf 78' lang='lat' dir='ltr'>minimeque</span> <span class='ocrx_word' id='word_1_160' title='bbox 388 2527 536 2601; x_wconf 55' lang='lat' dir='ltr'>pertinen</span> <span class='ocrx_word' id='word_1_161' title='bbox 566 2528 634 2584; x_wconf 85' lang='lat' dir='ltr'>insit</span> <span class='ocrx_word' id='word_1_162' title='bbox 660 2528 691 2584; x_wconf 91' lang='lat' dir='ltr'>in</span> <span class='ocrx_word' id='word_1_163' title='bbox 718 2545 754 2585; x_wconf 87' lang='lat' dir='ltr'>eo</span> <span class='ocrx_word' id='word_1_164' title='bbox 779 2527 868 2602; x_wconf 83' lang='lat' dir='ltr'>lepos.</span> <span class='ocrx_word' id='word_1_165' title='bbox 910 2526 978 2584; x_wconf 88' lang='lat' dir='ltr'>Nec</span> 
     </span>
     <span class='ocr_line' id='line_1_24' title="bbox 190 2623 978 2699; baseline 0.006 -23"><span class='ocrx_word' id='word_1_166' title='bbox 190 2639 270 2693; x_wconf 84' lang='lat' dir='ltr'>vero,</span> <span class='ocrx_word' id='word_1_167' title='bbox 284 2630 421 2695; x_wconf 83' lang='lat' dir='ltr'>tanquam</span> <span class='ocrx_word' id='word_1_168' title='bbox 440 2623 470 2679; x_wconf 89' lang='lat' dir='ltr'>in</span> <span class='ocrx_word' id='word_1_169' title='bbox 484 2624 694 2699; x_wconf 86' lang='lat' dir='ltr'>possessiouem</span> <span class='ocrx_word' id='word_1_170' title='bbox 708 2624 828 2695; x_wconf 86' lang='lat' dir='ltr'>venerit,</span> <span class='ocrx_word' id='word_1_171' title='bbox 842 2623 978 2681; x_wconf 81' lang='lat' dir='ltr'>excludat</span> 
     </span>
     <span class='ocr_line' id='line_1_25' title="bbox 194 2714 978 2794; baseline 0.008 -24"><span class='ocrx_word' id='word_1_172' title='bbox 194 2714 281 2773; x_wconf 80' lang='lat' dir='ltr'>alios:</span> <span class='ocrx_word' id='word_1_173' title='bbox 303 2716 363 2788; x_wconf 79' lang='lat' dir='ltr'>sed,</span> <span class='ocrx_word' id='word_1_174' title='bbox 375 2736 442 2775; x_wconf 90' lang='lat' dir='ltr'>cum</span> <span class='ocrx_word' id='word_1_175' title='bbox 453 2719 571 2794; x_wconf 89' lang='lat' dir='ltr'>reliquis</span> <span class='ocrx_word' id='word_1_176' title='bbox 582 2720 611 2776; x_wconf 92' lang='lat' dir='ltr'>in</span> <span class='ocrx_word' id='word_1_177' title='bbox 622 2719 719 2791; x_wconf 86' lang='lat' dir='ltr'>rebus,</span> <span class='ocrx_word' id='word_1_178' title='bbox 730 2730 791 2777; x_wconf 89' lang='lat' dir='ltr'>tum</span> <span class='ocrx_word' id='word_1_179' title='bbox 803 2719 832 2777; x_wconf 92' lang='lat' dir='ltr'>iu</span> <span class='ocrx_word' id='word_1_180' title='bbox 844 2737 978 2777; x_wconf 81' lang='lat' dir='ltr'>sermone</span> 
     </span>
    </p>

    <p class='ocr_par' dir='ltr' id='par_1_7' title="bbox 149 2812 979 3086">
     <span class='ocr_line' id='line_1_26' title="bbox 149 2812 979 2890; baseline 0.004 -21"><span class='ocrx_word' id='word_1_181' title='bbox 149 2819 182 2869; x_wconf 75' lang='lat'>25</span> <span class='ocrx_word' id='word_1_182' title='bbox 195 2812 351 2884; x_wconf 91' lang='lat' dir='ltr'>communi,</span> <span class='ocrx_word' id='word_1_183' title='bbox 366 2813 593 2872; x_wconf 80' lang='lat' dir='ltr'>vicissitudinem</span> <span class='ocrx_word' id='word_1_184' title='bbox 607 2834 665 2873; x_wconf 89' lang='lat' dir='ltr'>non</span> <span class='ocrx_word' id='word_1_185' title='bbox 680 2815 806 2890; x_wconf 83' lang='lat' dir='ltr'>iniquam</span> <span class='ocrx_word' id='word_1_186' title='bbox 822 2824 919 2890; x_wconf 87' lang='lat' dir='ltr'>putet:</span> <span class='ocrx_word' id='word_1_187' title='bbox 944 2833 979 2872; x_wconf 82' lang='lat' dir='ltr'>oo</span> 
     </span>
     <span class='ocr_line' id='line_1_27' title="bbox 194 2905 979 2987; baseline 0.009 -26"><span class='ocrx_word' id='word_1_188' title='bbox 194 2905 289 2963; x_wconf 80' lang='lat' dir='ltr'>videat</span> <span class='ocrx_word' id='word_1_189' title='bbox 312 2907 342 2966; x_wconf 92' lang='lat' dir='ltr'>in</span> <span class='ocrx_word' id='word_1_190' title='bbox 363 2910 472 2985; x_wconf 84' lang='lat' dir='ltr'>primis,</span> <span class='ocrx_word' id='word_1_191' title='bbox 491 2912 597 2987; x_wconf 49' lang='lat' dir='ltr'>¹quibus</span> <span class='ocrx_word' id='word_1_192' title='bbox 619 2912 655 2969; x_wconf 86' lang='lat' dir='ltr'>de</span> <span class='ocrx_word' id='word_1_193' title='bbox 675 2912 761 2969; x_wconf 80' lang='lat' dir='ltr'>rebus</span> <span class='ocrx_word' id='word_1_194' title='bbox 780 2912 933 2987; x_wconf 83' lang='lat' dir='ltr'>loquetur:</span> <span class='ocrx_word' id='word_1_195' title='bbox 954 2911 979 2969; x_wconf 85' lang='lat' dir='ltr'>si</span> 
     </span>
     <span class='ocr_line' id='line_1_28' title="bbox 190 3002 978 3086; baseline 0.006 -24"><span class='ocrx_word' id='word_1_196' title='bbox 190 3002 286 3077; x_wconf 72' lang='lat' dir='ltr'>coriis,</span> <span class='ocrx_word' id='word_1_197' title='bbox 301 3006 481 3068; x_wconf 74' lang='lat' dir='ltr'>severitatem</span> <span class='ocrx_word' id='word_1_198' title='bbox 497 3008 647 3079; x_wconf 57' lang='lat' dir='ltr'>adhibeam</span> <span class='ocrx_word' id='word_1_199' title='bbox 667 3008 693 3066; x_wconf 81' lang='lat' dir='ltr'>ri</span> <span class='ocrx_word' id='word_1_200' title='bbox 706 3008 826 3085; x_wconf 80' lang='lat' dir='ltr'>jocosis,</span> <span class='ocrx_word' id='word_1_201' title='bbox 840 3008 978 3086; x_wconf 88' lang='lat' dir='ltr'>leporem.</span> 
     </span>
    </p>
   </div>
   <div class='ocr_carea' id='block_1_5' title="bbox 0 0 1093 3609">
    <p class='ocr_par' dir='ltr' id='par_1_8' title="bbox 0 0 1093 3609">
     <span class='ocr_line' id='line_1_29' title="bbox 0 0 1093 3609; baseline 0 0"><span class='ocrx_word' id='word_1_202' title='bbox 0 0 1093 3609; x_wconf 95' lang='lat' dir='ltr'> </span> 
     </span>
    </p>
   </div>
  </div>
 </body>
</html>
