2167 3609
82 370 178 431 arn]
384 372 428 419 nn
449 370 596 419 orrrcus.
755 399 759 404 ·
859 359 916 420 175

82 519 202 590 tatibus,
220 518 345 591 fiduciis,
363 520 516 591 mandatis,
537 520 624 577 rebus
643 519 756 595 emptis,
775 517 872 577 rendi·

83 614 133 684 tis,
149 613 310 685 conductis,
325 614 438 685 locatis,
452 614 557 689 quibua
576 614 641 672 vita
663 614 786 672 societas
806 631 873 671 oon·

84 710 241 767 tineretur:
270 710 300 767 in
327 710 372 767 his
397 711 495 787 magni
522 729 585 767 esse
610 710 727 786 judicis,
748 719 872 767 statuere

86 806 257 882 (prasertim
279 825 346 863 oum
367 806 396 863 in
410 807 553 882 plerisque
567 817 663 863 esseut
681 805 792 882 judicia
805 823 873 863 oon·

85 903 186 980 traria)
201 902 269 978 quid
292 921 433 978 quemque
454 904 560 979 auique
573 913 707 978 prestare
720 910 870 978 oporteret
885 908 902 959 ὅ

123 997 278 1059 Quocirca
291 998 402 1056 astutia
415 998 547 1056 tollendae
561 1008 638 1069 sunt,
649 1016 740 1073 eaque
753 996 872 1068 malitia,

85 1113 148 1168 quae
164 1094 225 1150 vult
245 1094 295 1151 illa
313 1094 429 1169 quidem
450 1095 541 1151 videri
555 1113 586 1151 se
599 1113 663 1152 esse
681 1092 872 1170 prudentiam,

86 1190 135 1246 sed
152 1190 233 1246 abest
247 1191 283 1247 ab
296 1191 341 1261 ea,
356 1191 497 1266 distatque
513 1191 676 1266 plurimum.
717 1188 874 1247 Prudentia

86 1295 130 1342 est
144 1285 223 1342 eninr
236 1284 333 1343 looata
346 1286 376 1343 in
390 1273 504 1343 dele‘otu
518 1287 659 1343 bonorum
674 1284 871 1343 etmalorum:

87 1381 197 1438 malitia
218 1380 257 1457 (si
276 1382 382 1453 omnia,
401 1400 464 1456 quar
485 1382 581 1456 turpia
599 1391 675 1454 sunt,
695 1381 771 1439 mala
791 1381 871 1460 sunt)
887 1392 918 1443 lt

87 1478 162 1535 mala
185 1478 270 1535 bonis
296 1479 376 1552 pouit
400 1488 474 1535 aute.
527 1478 594 1535 Neo
617 1497 684 1536 vero
707 1478 737 1535 in
758 1477 873 1553 prandiis

86 1574 180 1631 solum
208 1574 255 1650 jus
282 1574 376 1645 oivile,
404 1574 523 1632 ductum
552 1594 569 1631 a
594 1574 706 1646 natura,
734 1572 873 1632 malitiam

88 1670 275 1744 fraudemque
300 1671 443 1740 vindieat;
472 1671 533 1742 sed,
561 1670 648 1727 etiam
669 1671 698 1728 in
718 1669 873 1746 mancipio-

88 1785 153 1824 rum
174 1766 346 1838 venditione,
364 1767 440 1824 fraus
460 1766 617 1824 venditoris
636 1766 729 1825 omnis
747 1765 874 1824 excludi·

89 1873 142 1921 tur.
197 1863 259 1925 Qui
286 1863 364 1920 enim
391 1863 467 1920 seire
490 1862 599 1933 debuit,
622 1863 659 1919 de
682 1862 813 1933 sanitate,
837 1862 873 1920 de
887 1873 918 1924 1⁵

89 1960 168 2037 fugai,
182 1960 219 2016 de
239 1959 332 2030 furtis,
348 1968 463 2035 praestat
482 1958 579 2015 edicto
600 1958 734 2016 edilium.
776 1957 874 2016 Here·

88 2057 156 2114 dum
183 2056 239 2114 alia
262 2075 350 2113 eausa
372 2065 423 2112 est.
465 2055 510 2111 Ex
532 2072 590 2128 quo
610 2053 788 2130 intelligitur,
806 2072 875 2130 quo·

88 2153 167 2211 niaur
185 2152 258 2229 juris
276 2162 378 2210 natura
396 2152 459 2208 fons
477 2150 524 2221 sit,
541 2150 598 2206 hoo
616 2149 776 2206 seeundum
794 2159 876 2207 natu·

87 2269 148 2308 ram
175 2268 249 2320 esse,
276 2248 423 2305 neminem
449 2246 479 2303 id
507 2263 601 2321 agere,
629 2253 660 2301 ut
687 2262 725 2301 ex
759 2243 875 2302 alterius

87 2346 231 2422 praedetur
255 2343 417 2401 inscientia.
471 2341 537 2398 Neo
562 2340 621 2398 ulla
645 2338 788 2416 pernicies
809 2339 874 2397 rita
888 2353 920 2404 ω

88 2442 179 2518 major
201 2440 323 2497 inveniri
343 2449 447 2515 potest,
461 2457 547 2513 quam
562 2437 592 2494 iu
606 2435 716 2494 matitia
732 2435 876 2494 simulatio

88 2537 288 2613 intelligentiae
298 2556 311 2596 z,
326 2555 362 2593 ex
377 2554 434 2610 quo
448 2535 503 2592 ista
516 2532 735 2592 innumerabilia
754 2551 876 2590 naseun-

88 2644 145 2706 tur,
166 2643 199 2691 ut
218 2633 302 2691 utilia
324 2651 391 2691 oum
414 2631 541 2692 honestis
564 2648 694 2706 pugnare
717 2628 875 2686 videantur.

86 2732 207 2794 Quotus
221 2730 300 2789 enirn
314 2729 434 2804 quisque
452 2726 620 2803 reperietur,
635 2725 693 2801 qui,
708 2723 876 2799 impunitate

86 2838 118 2885 et
132 2827 314 2905 ignoratione
332 2825 460 2884 omnium
481 2821 636 2899 propositi,
651 2820 794 2878 abstinere
812 2837 877 2896 pos-
889 2835 922 2888 ss

86 2925 126 2983 sit
140 2923 267 3000 injurirll

127 3112 245 3174 XVIII.
265 3111 476 3182 Periolitemur,
490 3110 515 3168 si
534 3109 641 3184 planat,
655 3106 686 3166 ln
704 3106 742 3167 iis
761 3104 878 3183 quide!
