2167 3609
115 370 146 417 n.
155 370 189 432 1·l
412 372 457 420 nn
478 371 626 421 urricus.
920 360 963 437 86

108 539 184 597 quae
210 528 256 577 est
281 537 380 579 rerum
406 521 632 598 expetendarum
658 521 916 601 fugiendarumque

108 618 252 676 meientia

160 715 216 773 Illa
244 725 341 773 autem
364 716 519 791 sapientia,
539 737 631 793 quam
657 718 819 795 principem
845 717 916 791 dixi,

106 831 215 872 fretum
231 823 275 871 est
289 813 451 871 divinarum
468 824 553 889 atque
572 815 762 873 humanarum
776 816 915 886 scientia3

109 930 151 970 nn
172 912 230 985 quai
252 910 417 968 continetur
436 912 567 969 Deorum
582 922 611 969 et
625 912 774 969 hominum
789 922 947 971 commu-5

107 1008 196 1066 initas
217 1018 247 1063 et
267 1007 392 1066 societas
413 1008 489 1065 inter
509 1009 595 1084 ipsos.
636 1008 683 1066 Ea
696 1009 720 1066 si
733 1010 859 1067 maxima
874 1019 917 1067 est

107 1103 168 1184 dut
189 1115 232 1162 est
254 1106 359 1184 certe),
376 1124 498 1162 necesse
519 1116 572 1178 est,
588 1106 664 1180 quod
679 1125 696 1162 a
710 1106 917 1164 communitate

107 1201 245 1259 ducatur
272 1203 412 1274 officium,
437 1203 467 1260 id
494 1222 558 1260 esse
584 1204 751 1261 marimum.
800 1203 917 1260 Etenim

119 1299 253 1375 cognitio
268 1300 530 1376 contemplatioque
550 1311 661 1358 naturae
676 1321 780 1359 manca
792 1301 917 1377 quodam

119 1396 209 1453 modo
231 1407 316 1472 atque
336 1397 475 1455 inchoata
494 1398 540 1470 sit,
562 1398 587 1455 si
608 1399 689 1457 nulla
716 1399 793 1457 actio
820 1417 917 1471 rerum
931 1403 963 1454 10

119 1505 331 1569 consequatur:
353 1513 388 1552 ea
409 1504 504 1552 autem
526 1496 603 1552 actio
623 1496 653 1552 in
675 1496 825 1554 hominum
839 1514 918 1553 com-

119 1591 216 1647 modis
230 1591 347 1648 tuendis
360 1592 485 1649 maxime
506 1592 643 1650 cernitur.
684 1592 815 1650 Pertinet
829 1592 917 1669 igitur

120 1688 158 1745 ad
179 1687 350 1746 societatem
370 1689 486 1765 generis
507 1689 643 1747 humani:
672 1686 742 1767 'ergo
763 1692 825 1747 haec
850 1709 918 1767 cog·

119 1784 227 1841 nitioni
250 1787 453 1861 anteponenda
472 1798 532 1844 eat:
555 1797 639 1862 atque
653 1787 683 1844 id
697 1787 822 1863 optimus
840 1787 917 1862 quis-

118 1901 221 1957 quere
236 1882 299 1958 ipsi
313 1883 449 1955 ostendit,
464 1894 493 1941 et
511 1883 632 1960 judicat.
673 1884 752 1946 Quis
773 1885 851 1942 enim
872 1894 917 1942 est
932 1889 964 1939 15

119 1990 179 2037 tarn
208 1980 332 2056 cupidus
359 1980 389 2037 in
418 1980 622 2055 perspicienda
656 1982 916 2058 cognoscendique

119 2096 216 2134 rerum
231 2077 345 2148 naturai,
362 2090 402 2148 ut,
414 2078 438 2134 si
452 2077 489 2148 ei,
501 2078 637 2135 tractanti
652 2079 916 2154 contemplantique

119 2193 167 2232 res
195 2174 363 2251 cognitione
391 2175 586 2251 dignissimas,
611 2175 707 2231 subito
734 2176 771 2233 sit
799 2176 916 2233 allatum

118 2271 284 2348 periculum
310 2271 525 2347 discrimenque
552 2271 662 2346 patriae,
688 2271 736 2328 cui
763 2272 916 2328 subvenire

118 2368 313 2443 opitularique
340 2369 441 2443 possit,
468 2386 527 2425 non
562 2367 611 2425 illa
644 2368 743 2424 omnia
772 2368 917 2442 relinquat
930 2380 963 2430 20

119 2476 206 2539 atque
233 2465 359 2540 abjiciat,
384 2466 472 2522 etiarn
496 2465 521 2521 si
545 2465 729 2522 dinumerare
752 2484 784 2523 se
808 2466 915 2539 stellas,

104 2570 170 2617 *aut
191 2560 286 2617 metiri
310 2561 411 2618 mundi
433 2561 673 2638 magnitudinem,
693 2582 778 2638 posse
800 2563 917 2621 arbitre-

103 2657 187 2713 ²turl
229 2656 328 2731 Atque
349 2657 406 2720 hoo
426 2655 503 2716 idem
525 2658 555 2714 in
574 2659 710 2733 parentis,
726 2658 756 2716 in
772 2659 868 2731 amici,
883 2678 915 2717 re

119 2762 170 2809 aut
189 2751 322 2826 periculo
342 2752 452 2810 fecerit.
492 2754 611 2815 Quibus
631 2755 717 2812 rebus
734 2755 915 2832 intelligitur,

117 2848 226 2907 studiis
262 2848 424 2923 officiisque
461 2850 591 2908 scientiae
624 2851 818 2927 praeponenda
850 2871 915 2910 esse
928 2862 961 2913 25

111 2945 219 3004 officia
234 2944 365 3021 justitie,
380 2966 443 3021 quae
463 2947 608 3023 pertinent
623 2947 658 3004 ad
674 2947 822 3006 hominum
838 2950 923 3008 utili·⁴

100 3052 226 3115 atatem3
247 3042 306 3120 qui
317 3043 392 3101 nihil
406 3044 517 3106 homiui
531 3062 603 3106 esse
610 3044 697 3102 debet
710 3045 872 3122 antiquius..

359 3140 386 3197 8,
