2167 3609
172 373 228 434 142
501 382 545 427 ne
566 381 711 428 omrous.
905 380 997 440 [arn.

214 530 335 608 intelligi
354 530 449 602 debet,
471 528 551 587 illum
568 519 675 588 'mentis
696 528 862 606 agitatione,
883 527 997 586 investi·

213 627 383 704 gationeque
410 644 508 683 earum
534 644 630 682 rerum
657 644 728 700 quas
750 624 905 701 cogitando
928 643 997 682 con·

212 724 394 797 sequebatur,
422 740 477 779 nec
504 723 628 779 otiosum
658 739 713 778 nee
746 720 838 777 solum
871 740 996 796 unquam

214 819 310 876 luisse.
365 818 428 875 Nos
456 829 561 889 autem,
588 817 637 893 qui
664 835 723 874 non
749 826 859 874 tautum
886 818 997 875 roboris
1070 825 1071 846 ¹

185 916 362 986 5habemus,
382 925 414 972 ut
434 914 610 992 cogitatione
631 914 719 972 taciti
740 932 757 971 a
776 913 929 971 solitudine
950 914 999 971 ab·

214 1012 384 1083 strahamur,
412 1010 447 1068 ad
480 1011 556 1068 hanc
589 1010 733 1067 scribendi
766 1029 881 1086 opernm
911 1028 999 1068 omne

214 1108 340 1166 studium
368 1126 522 1184 curamque
548 1108 748 1165 convertimus.
790 1106 890 1182 Itaque
915 1107 1000 1183 plura

215 1205 293 1262 brevi
313 1216 450 1280 tempore,
465 1205 574 1276 eversd,
588 1223 674 1279 quam
687 1203 784 1262 multis
798 1203 889 1276 annis,
904 1213 998 1261 stante

214 1299 372 1375 republicd,
387 1298 563 1373 scripsimus.

172 1509 203 1559 10
253 1491 294 1549 II.
322 1492 390 1564 Sed,
418 1510 484 1550 cum
510 1501 572 1549 tota
596 1492 786 1567 philosophia,
814 1492 854 1549 rui
880 1491 1000 1565 Cicero,

215 1589 351 1665 frugifera
370 1599 399 1647 et
419 1589 575 1660 fructuosa,
589 1607 644 1646 nec
661 1588 720 1645 ulla
732 1607 798 1664 pars
811 1588 873 1665 ejus
888 1588 1002 1647 inculta

216 1702 251 1740 ae
270 1683 382 1741 deserta
401 1683 454 1754 sit;
474 1695 535 1742 tum
556 1683 651 1741 nullus
671 1683 793 1741 feracior
812 1683 843 1741 in
862 1684 899 1741 ed
917 1684 1001 1742 locus

214 1790 258 1837 est
277 1798 333 1837 neo
353 1780 477 1852 uberior,
491 1799 576 1856 quam
597 1780 633 1837 de
653 1780 766 1852 officiis,
781 1799 798 1838 a
811 1780 916 1855 quibus
930 1799 1002 1839 con·

213 1885 322 1933 stamen
342 1876 517 1952 honesteque
537 1875 650 1933 vivendi
677 1885 820 1952 praecepta
843 1876 1000 1935 ducuntur.

173 1974 205 2025 15
214 1970 325 2043 Quare,
345 1991 506 2047 quanquam
531 1991 548 2029 a
574 1971 711 2048 Cratippo
737 1982 844 2043 nostro,
864 1973 1003 2048 principe

214 2068 299 2144 hujus
319 2069 463 2126 memoriae
486 2068 730 2144 philosophorum,
752 2069 814 2126 haec
833 2078 864 2133 te
884 2069 1003 2126 assidue

215 2163 314 2221 audire
328 2174 412 2239 atque
427 2163 558 2240 accipere
572 2164 702 2233 contid03
723 2173 819 2222 tamen
833 2165 1003 2222 conducere

215 2261 345 2331 arbitror,
359 2257 464 2318 talibus
485 2279 567 2318 aures
587 2270 650 2317 tuas
664 2260 782 2318 vocibus
802 2260 931 2336 undique
947 2261 1003 2319 cir·

215 2376 399 2427 cumsonare3
426 2376 565 2427 neceas,
589 2356 614 2414 si
637 2357 699 2415 lieri
722 2357 820 2434 possit,
843 2357 1003 2433 quidquam

171 2453 292 2510 malind
316 2453 423 2511 audire.
462 2453 553 2514 Quod
579 2472 646 2511 cum
674 2454 807 2511 omnibus
827 2466 870 2511 est
892 2454 1005 2511 facien-

213 2547 292 2618 dum,
306 2548 356 2623 qui
375 2548 460 2606 vitam
482 2547 631 2606 honestam
652 2548 764 2625 ingredi
784 2548 923 2624 cogitant,
939 2558 1004 2606 tum

214 2643 291 2702 haud
311 2644 382 2715 scic,
398 2663 434 2702 an
453 2643 563 2702 nemini
582 2646 687 2720 potius,
702 2664 786 2720 quam
804 2639 867 2703 tibi'
908 2645 1005 2703 Susti-

214 2758 267 2797 ues
286 2740 363 2797 enim
383 2759 441 2797 nou
461 2760 577 2816 parvam
597 2741 838 2817 exspectationem
853 2740 1005 2799 imitandae

215 2833 362 2894 mduuriae
381 2845 496 2906 uostrae,
511 2855 645 2912 magnam
666 2837 816 2907 honorum,
830 2835 1005 2893 nonnullam

171 2928 334 2985 susurrasse
365 2930 497 2988 nominis.
559 2932 718 3006 Suscepisti
754 2949 828 2989 onus
860 2941 1007 3007 praeterea

214 3041 300 3100 grave
319 3033 348 3080 et
368 3025 548 3083 Athenarum
561 3037 590 3084 et
604 3025 749 3102 Cratippi3
772 3026 807 3084 ad
827 3045 901 3102 quos
921 3045 1006 3100 oum,

214 3128 349 3194 tanquam
376 3120 412 3178 ad
438 3131 629 3179 mercaturam
655 3122 796 3181 bonarum
823 3123 939 3193 artium,
961 3122 1008 3182 sis
