2167 3609
95 378 191 437 nin]
384 376 427 423 nn
449 374 595 422 osmons.
872 360 927 428 ltl

95 527 235 602 sibosque
255 526 388 603 negotiis,
405 524 490 584 armis
511 524 606 600 impiis
625 523 719 599 vique,
737 521 883 599 prohibiti,

96 624 188 681 otium
208 624 421 699 persequimur3
449 632 488 693 et,
509 623 548 679 ob
568 640 631 680 eam
658 640 785 693 causam,
812 621 884 681 urbe

95 719 209 790 relicti,
224 738 293 777 rurs
310 729 504 796 peragrantes,
519 736 595 794 saepe
609 718 663 776 soli
676 737 782 780 sumus.
823 717 883 778 Sed
935 705 939 714 ’

9 801 15 826 ’
95 835 152 874 neo
172 815 265 872 otium
286 816 342 872 hoc
361 834 428 874 curu
441 814 574 872 Africani
588 814 659 886 otio,
673 833 728 873 neo
742 816 803 874 haeo
817 815 883 873 soli·

96 912 167 970 tudo
181 930 250 968 cum
263 911 314 969 illt
327 913 521 986 comparanda
534 921 585 970 est.
626 910 680 973 Ille
694 901 780 983 enim,
791 911 913 986 requi-5

95 1028 201 1066 escens
229 1027 247 1066 a
276 1008 442 1083 reipublicae
474 1007 676 1083 pulcherrimis
708 1008 883 1080 muneribus,

94 1106 187 1164 otium
209 1105 264 1163 sibi
285 1106 415 1162 sumebat
436 1105 604 1180 aliquand03
625 1115 655 1164 et
669 1125 686 1164 a
699 1114 774 1166 ooetu
794 1104 885 1164 homi·

96 1222 167 1261 num
189 1202 406 1276 frequentiaque
426 1202 580 1273 interdum,
600 1213 736 1277 tanquam
763 1202 794 1260 in
819 1220 884 1279 por·
906 1185 948 1284 “x

96 1310 169 1372 tum,
197 1319 229 1355 se
256 1299 286 1355 in
314 1298 497 1356 solitudinem
524 1299 690 1374 recipiebat.
744 1297 883 1358 Nostrum

98 1407 194 1453 autem
221 1395 312 1453 otium
335 1394 445 1472 negotii
469 1394 577 1469 inopiis,
601 1414 660 1452 non
686 1394 885 1471 requiescendi
899 1392 930 1442 1⁰

97 1494 205 1564 studio,
221 1493 409 1550 constitutum
426 1502 476 1550 est.
518 1492 669 1550 Exstincto
683 1493 761 1552 enim
774 1502 885 1564 senatu,

94 1590 257 1665 deletisque
275 1589 402 1665 judiciis,
417 1589 487 1664 quid
507 1599 560 1660 est,
575 1590 651 1663 quod
665 1589 784 1666 dignum
802 1589 886 1647 nobis

96 1697 148 1746 aut
169 1686 200 1743 in
222 1686 304 1743 curii
325 1695 373 1744 eut
393 1686 424 1743 in
445 1686 507 1744 foro
527 1704 612 1762 agere
630 1686 791 1761 possimusl
830 1684 886 1743 Ita·

94 1802 165 1860 que,
185 1783 234 1858 qui
254 1783 283 1841 in
304 1782 430 1841 maximi
451 1782 618 1840 celebritate
639 1793 723 1858 atque
743 1783 773 1841 in
793 1782 886 1842 oculis

96 1880 206 1938 civium
227 1880 374 1955 quondam
394 1879 526 1949 viximus,
547 1898 634 1938 nunc
649 1881 792 1958 fugientes
819 1878 932 1938 con-15

95 1988 230 2053 spectum
245 1977 459 2048 sceleratorum,
473 1977 578 2052 quibus
598 1977 696 2034 omnia
715 1977 886 2048 redundant,

96 2074 233 2133 abdimus
250 2094 314 2145 nos,
329 2084 467 2149 quantum
487 2074 567 2141 licet,
582 2084 610 2134 et
625 2093 699 2149 saepe
713 2074 766 2131 soli
779 2091 885 2131 sumus.

96 2171 170 2241 Sed,
191 2171 261 2246 quia
280 2172 323 2228 sic
345 2172 380 2229 ab
400 2170 566 2229 hominibus
593 2170 686 2227 doctis
713 2170 886 2245 accepimus,

96 2287 159 2326 non
173 2269 266 2326 solum
282 2288 318 2325 ex
330 2268 414 2326 malis
427 2268 535 2344 eligere
549 2267 669 2323 minima
683 2276 822 2341 oportere,
836 2265 887 2323 sed

96 2367 189 2423 etiam
203 2384 357 2440 excerpere
368 2385 404 2423 ex
417 2366 461 2422 his
475 2364 554 2439 ipsis,
566 2363 591 2420 si
600 2363 668 2439 quid
684 2363 789 2420 inesset
803 2361 888 2433 boni;
902 2363 934 2415 20

97 2472 253 2538 propterea
276 2472 304 2519 et
329 2463 390 2520 otio
415 2463 500 2533 fruor,
522 2480 581 2517 non
610 2460 659 2518 illo
685 2460 811 2535 quidem,
832 2477 890 2535 quo

98 2560 207 2617 debeat
220 2559 245 2616 is
258 2559 307 2634 qui
321 2559 466 2634 quondam
482 2558 639 2635 peperisset
652 2557 743 2616 otium
763 2556 888 2628 civitati3

99 2677 158 2715 nec
171 2676 236 2714 eam
251 2656 434 2714 solitudinem
451 2656 589 2733 languere
602 2655 706 2732 patior,
720 2674 806 2730 quam
819 2653 891 2711 milri

101 2756 187 2812 affert
199 2753 369 2823 necessitas,
383 2772 442 2809 non
457 2752 596 2810 voluutas.

139 2851 322 2925 Quanquam
348 2850 506 2907 Africanus
535 2851 672 2927 majorem
706 2850 820 2907 laudem
846 2848 936 2908 velte

99 2966 168 3006 meo
204 2946 317 3023 judicio
352 2947 572 3023 assequebatur:
606 2948 686 3005 nulla
718 2947 796 3004 enim
829 2947 891 3023 ejus

100 3044 215 3123 ingenii
231 3054 419 3102 monumenta
432 3043 568 3101 mandata
581 3044 681 3112 literis,
696 3044 806 3103 nullum
819 3061 892 3120 opus

98 3141 165 3216 otii,
186 3141 300 3201 nullum
326 3140 491 3199 solitudinis
517 3159 622 3198 munus
645 3150 753 3199 exstat:
780 3157 817 3200 ex
835 3152 892 3211 (11⁸0
