2167 3609
95 361 124 408 a.
135 361 191 421 m]
385 361 430 408 ua
450 361 595 410 osricus.
871 347 928 408 177

97 507 252 584 injuriaml
293 506 368 565 Mihi
388 508 502 584 quidem
516 508 604 565 etiam
615 527 689 566 vere
703 508 883 568 hereditates

95 623 158 661 non
182 605 309 662 honestae
332 605 473 676 videntur,
497 604 522 661 si
549 605 607 662 sint
633 606 782 664 malitiosis
804 607 884 666 hlau-

95 700 176 758 ditiis
197 701 368 772 officiorum,
389 719 447 757 non
468 701 597 772 veritate,
618 701 669 758 sed
691 701 882 776 simulatione,

95 797 231 872 quaesitae.
285 798 385 872 Atqui,
411 797 441 854 in
464 797 569 854 talibus
592 798 687 868 rebus,
712 798 789 855 aliud
812 798 883 857 utile

97 893 253 960 interdum,
275 894 352 950 aliud
373 893 524 951 honestum
548 893 639 950 videri
659 893 740 951 solet.
781 894 913 955 Falsott

96 1008 166 1046 uam
179 989 280 1046 eadem
294 989 513 1064 utilitatisque
534 989 702 1061 honestatis,
717 999 760 1048 est
775 991 882 1067 regula

94 1085 160 1147 Qui
187 1085 244 1142 hcc
271 1104 330 1142 non
356 1085 520 1161 perviderit,
549 1086 585 1142 ab
611 1085 668 1143 hoc
699 1086 778 1144 nulla
807 1087 885 1145 fraus

96 1181 200 1252 aberit,
228 1181 340 1238 nullum
371 1181 492 1238 facinus.
548 1180 599 1239 Sic
631 1180 709 1238 enim
742 1182 883 1258 cogitans,

97 1277 181 1335 “Est
201 1277 276 1335 istuc
296 1277 413 1352 quidem
436 1277 605 1346 honestum3
632 1296 728 1335 verum
756 1279 813 1337 hcc
838 1297 885 1338 ex·

95 1374 206 1450 pedit,’'
231 1392 278 1431 res
302 1393 319 1431 a
342 1373 444 1431 nature
471 1373 619 1449 copulatas
646 1374 762 1433 audebit
787 1394 884 1435 errore
899 1380 929 1432 1⁰

96 1471 250 1541 divellere;
277 1471 327 1546 qui
348 1471 411 1528 fons
430 1479 475 1529 est
494 1471 647 1544 fraudium,
667 1472 883 1547 maleficiorum,

96 1567 241 1625 scelerum
254 1567 392 1625 omnium.

138 1759 224 1817 XIX.
245 1759 356 1835 Itaque,
377 1760 401 1816 si
422 1759 463 1817 vir
484 1759 577 1817 bouus
597 1760 701 1818 habeat
720 1760 796 1819 hanc
815 1760 883 1834 vim,

96 1866 140 1928 ut,
155 1857 180 1913 si
194 1856 292 1933 digitis
311 1856 523 1931 concrepuerit,
537 1856 626 1932 possit
647 1857 677 1914 in
697 1857 899 1933 locupletium·

96 1963 270 2012 testamenta
295 1970 401 2010 nomen
433 1952 495 2028 ejus
527 1952 662 2027 irrepere,
689 1953 744 2011 hac
770 1954 798 2011 vi
824 1972 883 2014 non
898 1955 930 2006 15

96 2059 205 2119 utatur,
231 2068 269 2106 ue
299 2048 323 2105 si
354 2048 530 2124 exploratum
564 2048 679 2123 quidem
713 2048 826 2121 habeat,
853 2050 884 2108 id
969 2071 971 2077 ·

96 2145 219 2204 omnino
245 2144 390 2201 neminem
416 2161 542 2217 unquam
574 2142 791 2216 suspicaturum.
832 2144 883 2218 At,

95 2243 181 2300 dares
206 2240 281 2297 hanc
304 2240 361 2297 vim
387 2239 428 2296 M.
450 2239 568 2309 Crasso,
592 2250 624 2295 ut
648 2238 800 2315 digitorum
822 2259 885 2316 per·

96 2338 232 2396 cussione
252 2337 343 2395 haeres
362 2345 459 2412 posset
479 2335 603 2410 scriptus
623 2352 695 2407 esse,
710 2335 758 2410 qui
772 2355 804 2394 re
816 2336 885 2394 verri

95 2452 157 2491 uon
177 2442 255 2490 esset
274 2433 380 2501 haeres;
403 2431 433 2488 in
454 2431 516 2489 soro
535 2429 620 2507 (mihi
641 2432 740 2512 crede)
760 2432 882 2491 saltaret.
898 2437 930 2489 2⁰

96 2529 198 2587 Homo
218 2539 312 2587 autern
330 2529 433 2604 justus,
449 2527 529 2603 isque
542 2546 628 2603 quem
641 2528 780 2586 sentimus
792 2528 884 2587 virum

96 2627 218 2695 honum,
244 2624 316 2682 nihil
344 2624 488 2698 cuiquam,
512 2624 588 2700 quod
615 2623 646 2681 in
669 2643 700 2681 sc
723 2625 883 2697 transierat,

96 2722 238 2780 detrahet.
280 2721 348 2778 Hoc
367 2720 416 2795 qui
435 2720 600 2791 admiratur,
615 2720 640 2777 is
655 2740 696 2792 se,
709 2720 777 2795 quid
792 2720 829 2778 sit
842 2721 884 2780 vir

96 2817 202 2888 bonus,
218 2817 331 2875 nescire
352 2816 482 2875 fateatur.
524 2816 566 2874 At
579 2833 657 2886 vero,
671 2815 695 2873 si
710 2815 773 2890 quis
788 2816 884 2876 solue

95 2913 136 2971 rit
161 2913 250 2971 auimi
273 2913 318 2971 sui
342 2913 544 2989 complicatam
571 2912 717 2970 notionem
743 2912 883 2988 evolvere,
897 2928 930 2979 25

93 3010 157 3087 jam
176 3028 208 3067 se
228 3010 289 3085 ipse
309 3010 422 3080 doceat,
437 3028 503 3067 eum
517 3009 609 3067 virum
629 3009 736 3068 bouum
750 3029 822 3082 esse,
835 3010 884 3086 qai

95 3106 319 3183 prosequitur
336 3106 444 3184 possin
464 3115 568 3165 noceat
587 3105 706 3180 nemini,
719 3106 778 3168 nisi
796 3106 885 3166 laces·
974 3107 977 3114 '
