<?xml version="1.0" encoding="UTF-8"?>
<!DOCTYPE html PUBLIC "-//W3C//DTD XHTML 1.0 Transitional//EN"
    "http://www.w3.org/TR/xhtml1/DTD/xhtml1-transitional.dtd">
<html xmlns="http://www.w3.org/1999/xhtml" xml:lang="en" lang="en">
 <head>
  <title>
</title>
<meta http-equiv="Content-Type" content="text/html;charset=utf-8" />
  <meta name='ocr-system' content='tesseract 3.04.00' />
  <meta name='ocr-capabilities' content='ocr_page ocr_carea ocr_par ocr_line ocrx_word'/>
</head>
<body>
  <div class='ocr_page' id='page_1' title='image "./mtciceronisdeof01dillgoog/mtciceronisdeof01dillgoog_0067.png"; bbox 0 0 2167 3609; ppageno 0'>
   <div class='ocr_carea' id='block_1_1' title="bbox 98 357 935 427">
    <p class='ocr_par' dir='ltr' id='par_1_1' title="bbox 98 357 935 427">
     <span class='ocr_line' id='line_1_1' title="bbox 98 357 935 427; baseline 0.001 -14"><span class='ocrx_word' id='word_1_1' title='bbox 98 367 169 427; x_wconf 76' lang='lat' dir='ltr'>na]</span> <span class='ocrx_word' id='word_1_2' title='bbox 397 368 440 416; x_wconf 82' lang='lat' dir='ltr'>nn</span> <span class='ocrx_word' id='word_1_3' title='bbox 459 368 605 418; x_wconf 75' lang='lat' dir='ltr'>osricus.</span> <span class='ocrx_word' id='word_1_4' title='bbox 897 357 935 414; x_wconf 80' lang='lat' dir='ltr'>ul</span> 
     </span>
    </p>
   </div>
   <div class='ocr_carea' id='block_1_2' title="bbox 100 514 940 1937">
    <p class='ocr_par' dir='ltr' id='par_1_2' title="bbox 100 514 923 1246">
     <span class='ocr_line' id='line_1_2' title="bbox 100 514 891 590; baseline 0.001 -19"><span class='ocrx_word' id='word_1_5' title='bbox 100 514 192 585; x_wconf 87' lang='lat' dir='ltr'>bitur,</span> <span class='ocrx_word' id='word_1_6' title='bbox 209 532 247 572; x_wconf 86' lang='lat' dir='ltr'>ex</span> <span class='ocrx_word' id='word_1_7' title='bbox 259 534 317 590; x_wconf 85' lang='lat' dir='ltr'>quo</span> <span class='ocrx_word' id='word_1_8' title='bbox 330 514 403 574; x_wconf 83' lang='lat' dir='ltr'>ratio</span> <span class='ocrx_word' id='word_1_9' title='bbox 423 515 590 578; x_wconf 87' lang='lat' dir='ltr'>inveniendi</span> <span class='ocrx_word' id='word_1_10' title='bbox 609 515 699 573; x_wconf 86' lang='lat' dir='ltr'>officii</span> <span class='ocrx_word' id='word_1_11' title='bbox 718 515 891 589; x_wconf 85' lang='lat' dir='ltr'>exquiritnr;</span> 
     </span>
     <span class='ocr_line' id='line_1_3' title="bbox 102 611 891 687; baseline 0.003 -20"><span class='ocrx_word' id='word_1_12' title='bbox 102 611 195 667; x_wconf 85' lang='lat' dir='ltr'>altera</span> <span class='ocrx_word' id='word_1_13' title='bbox 219 622 325 683; x_wconf 88' lang='lat' dir='ltr'>autem,</span> <span class='ocrx_word' id='word_1_14' title='bbox 348 631 410 685; x_wconf 89' lang='lat' dir='ltr'>quae</span> <span class='ocrx_word' id='word_1_15' title='bbox 434 613 549 687; x_wconf 83' lang='lat' dir='ltr'>proprie</span> <span class='ocrx_word' id='word_1_16' title='bbox 572 611 692 687; x_wconf 83' lang='lat' dir='ltr'>singulis</span> <span class='ocrx_word' id='word_1_17' title='bbox 712 622 755 669; x_wconf 91' lang='lat' dir='ltr'>est</span> <span class='ocrx_word' id='word_1_18' title='bbox 776 612 891 672; x_wconf 76' lang='lat' dir='ltr'>tributu</span> 
     </span>
     <span class='ocr_line' id='line_1_4' title="bbox 100 706 892 784; baseline 0.001 -20"><span class='ocrx_word' id='word_1_19' title='bbox 100 706 142 764; x_wconf 92' lang='lat' dir='ltr'>Ut</span> <span class='ocrx_word' id='word_1_20' title='bbox 163 707 293 764; x_wconf 89' lang='lat' dir='ltr'>enimin</span> <span class='ocrx_word' id='word_1_21' title='bbox 315 707 482 782; x_wconf 82' lang='lat' dir='ltr'>corporibus</span> <span class='ocrx_word' id='word_1_22' title='bbox 506 727 619 784; x_wconf 73' lang='lat' dir='ltr'>magne</span> <span class='ocrx_word' id='word_1_23' title='bbox 645 707 892 766; x_wconf 76' lang='lat' dir='ltr'>dissimilitudines</span> 
     </span>
     <span class='ocr_line' id='line_1_5' title="bbox 102 801 891 880; baseline 0 -20"><span class='ocrx_word' id='word_1_24' title='bbox 102 813 173 860; x_wconf 89' lang='lat' dir='ltr'>sunt</span> <span class='ocrx_word' id='word_1_25' title='bbox 187 801 274 880; x_wconf 80' lang='lat' dir='ltr'>(alios</span> <span class='ocrx_word' id='word_1_26' title='bbox 294 804 371 864; x_wconf 85' lang='lat' dir='ltr'>enim</span> <span class='ocrx_word' id='word_1_27' title='bbox 386 804 515 864; x_wconf 83' lang='lat' dir='ltr'>videmus</span> <span class='ocrx_word' id='word_1_28' title='bbox 535 804 688 862; x_wconf 88' lang='lat' dir='ltr'>velocitate</span> <span class='ocrx_word' id='word_1_29' title='bbox 709 803 745 861; x_wconf 92' lang='lat' dir='ltr'>ad</span> <span class='ocrx_word' id='word_1_30' title='bbox 766 822 891 874; x_wconf 90' lang='lat' dir='ltr'>cursum,</span> 
     </span>
     <span class='ocr_line' id='line_1_6' title="bbox 104 899 923 974; baseline -0.004 -16"><span class='ocrx_word' id='word_1_31' title='bbox 104 900 179 958; x_wconf 84' lang='lat' dir='ltr'>alios</span> <span class='ocrx_word' id='word_1_32' title='bbox 200 899 308 958; x_wconf 89' lang='lat' dir='ltr'>viribus</span> <span class='ocrx_word' id='word_1_33' title='bbox 330 899 366 956; x_wconf 87' lang='lat' dir='ltr'>ad</span> <span class='ocrx_word' id='word_1_34' title='bbox 387 900 556 957; x_wconf 84' lang='lat' dir='ltr'>luctandum</span> <span class='ocrx_word' id='word_1_35' title='bbox 576 901 687 970; x_wconf 87' lang='lat' dir='ltr'>valere;</span> <span class='ocrx_word' id='word_1_36' title='bbox 717 900 842 974; x_wconf 89' lang='lat' dir='ltr'>itemque</span> <span class='ocrx_word' id='word_1_37' title='bbox 862 900 923 957; x_wconf 88' lang='lat' dir='ltr'>in5</span> 
     </span>
     <span class='ocr_line' id='line_1_7' title="bbox 105 996 894 1073; baseline 0.001 -21"><span class='ocrx_word' id='word_1_38' title='bbox 105 996 208 1053; x_wconf 74' lang='lat' dir='ltr'>formis</span> <span class='ocrx_word' id='word_1_39' title='bbox 238 996 301 1053; x_wconf 87' lang='lat' dir='ltr'>aliis</span> <span class='ocrx_word' id='word_1_40' title='bbox 331 996 501 1073; x_wconf 83' lang='lat' dir='ltr'>dignitatern</span> <span class='ocrx_word' id='word_1_41' title='bbox 531 997 636 1067; x_wconf 88' lang='lat' dir='ltr'>inesse,</span> <span class='ocrx_word' id='word_1_42' title='bbox 668 996 731 1053; x_wconf 91' lang='lat' dir='ltr'>aliis</span> <span class='ocrx_word' id='word_1_43' title='bbox 763 1006 894 1053; x_wconf 88' lang='lat' dir='ltr'>venusta·</span> 
     </span>
     <span class='ocr_line' id='line_1_8' title="bbox 104 1092 894 1171; baseline 0.001 -23"><span class='ocrx_word' id='word_1_44' title='bbox 104 1094 191 1171; x_wconf 91' lang='lat' dir='ltr'>tem),</span> <span class='ocrx_word' id='word_1_45' title='bbox 205 1092 249 1149; x_wconf 90' lang='lat' dir='ltr'>sic</span> <span class='ocrx_word' id='word_1_46' title='bbox 269 1092 300 1149; x_wconf 94' lang='lat' dir='ltr'>in</span> <span class='ocrx_word' id='word_1_47' title='bbox 322 1093 423 1150; x_wconf 88' lang='lat' dir='ltr'>animis</span> <span class='ocrx_word' id='word_1_48' title='bbox 443 1093 585 1150; x_wconf 80' lang='lat' dir='ltr'>exsistunt</span> <span class='ocrx_word' id='word_1_49' title='bbox 604 1093 692 1150; x_wconf 88' lang='lat' dir='ltr'>etiam</span> <span class='ocrx_word' id='word_1_50' title='bbox 709 1111 831 1168; x_wconf 75' lang='lat' dir='ltr'>majores</span> <span class='ocrx_word' id='word_1_51' title='bbox 848 1111 894 1149; x_wconf 78' lang='lat' dir='ltr'>ve·</span> 
     </span>
     <span class='ocr_line' id='line_1_9' title="bbox 105 1188 232 1246; baseline 0.008 -1"><span class='ocrx_word' id='word_1_52' title='bbox 105 1188 232 1246; x_wconf 88' lang='lat' dir='ltr'>rietates.</span> 
     </span>
    </p>

    <p class='ocr_par' dir='ltr' id='par_1_3' title="bbox 105 1284 940 1937">
     <span class='ocr_line' id='line_1_10' title="bbox 145 1284 894 1361; baseline 0 -20"><span class='ocrx_word' id='word_1_53' title='bbox 145 1285 219 1341; x_wconf 82' lang='lat' dir='ltr'>Erat</span> <span class='ocrx_word' id='word_1_54' title='bbox 242 1285 272 1342; x_wconf 96' lang='lat' dir='ltr'>in</span> <span class='ocrx_word' id='word_1_55' title='bbox 295 1284 329 1342; x_wconf 94' lang='lat' dir='ltr'>L.</span> <span class='ocrx_word' id='word_1_56' title='bbox 351 1285 458 1343; x_wconf 84' lang='lat' dir='ltr'>Crasso</span> <span class='ocrx_word' id='word_1_57' title='bbox 479 1296 508 1344; x_wconf 90' lang='lat' dir='ltr'>et</span> <span class='ocrx_word' id='word_1_58' title='bbox 527 1286 559 1343; x_wconf 90' lang='lat' dir='ltr'>in</span> <span class='ocrx_word' id='word_1_59' title='bbox 579 1285 613 1344; x_wconf 93' lang='lat' dir='ltr'>L.</span> <span class='ocrx_word' id='word_1_60' title='bbox 634 1286 767 1361; x_wconf 91' lang='lat' dir='ltr'>Philippo</span> <span class='ocrx_word' id='word_1_61' title='bbox 788 1285 894 1342; x_wconf 90' lang='lat' dir='ltr'>multus</span> 
     </span>
     <span class='ocr_line' id='line_1_11' title="bbox 105 1381 939 1468; baseline 0.001 -31"><span class='ocrx_word' id='word_1_62' title='bbox 105 1381 203 1456; x_wconf 89' lang='lat' dir='ltr'>lepos;</span> <span class='ocrx_word' id='word_1_63' title='bbox 232 1382 322 1457; x_wconf 82' lang='lat' dir='ltr'>major</span> <span class='ocrx_word' id='word_1_64' title='bbox 346 1382 444 1453; x_wconf 88' lang='lat' dir='ltr'>etiam,</span> <span class='ocrx_word' id='word_1_65' title='bbox 466 1383 615 1468; x_wconf 82' lang='lat' dir='ltr'>magisque</span> <span class='ocrx_word' id='word_1_66' title='bbox 635 1383 671 1440; x_wconf 91' lang='lat' dir='ltr'>de</span> <span class='ocrx_word' id='word_1_67' title='bbox 691 1383 842 1452; x_wconf 73' lang='lat' dir='ltr'>industrii,</span> <span class='ocrx_word' id='word_1_68' title='bbox 864 1382 894 1438; x_wconf 91' lang='lat' dir='ltr'>in</span> <span class='ocrx_word' id='word_1_69' title='bbox 908 1386 939 1434; x_wconf 90' lang='lat'>10</span> 
     </span>
     <span class='ocr_line' id='line_1_12' title="bbox 106 1478 894 1554; baseline 0.004 -21"><span class='ocrx_word' id='word_1_70' title='bbox 106 1478 141 1535; x_wconf 84' lang='lat' dir='ltr'>C.</span> <span class='ocrx_word' id='word_1_71' title='bbox 158 1478 284 1549; x_wconf 84' lang='lat' dir='ltr'>Caesare,</span> <span class='ocrx_word' id='word_1_72' title='bbox 299 1478 385 1535; x_wconf 90' lang='lat' dir='ltr'>Lucii</span> <span class='ocrx_word' id='word_1_73' title='bbox 399 1479 474 1549; x_wconf 85' lang='lat' dir='ltr'>filio3</span> <span class='ocrx_word' id='word_1_74' title='bbox 498 1489 526 1536; x_wconf 90' lang='lat' dir='ltr'>at</span> <span class='ocrx_word' id='word_1_75' title='bbox 545 1479 647 1537; x_wconf 91' lang='lat' dir='ltr'>iisdem</span> <span class='ocrx_word' id='word_1_76' title='bbox 667 1480 842 1554; x_wconf 76' lang='lat' dir='ltr'>temporibus</span> <span class='ocrx_word' id='word_1_77' title='bbox 863 1478 894 1536; x_wconf 91' lang='lat' dir='ltr'>in</span> 
     </span>
     <span class='ocr_line' id='line_1_13' title="bbox 107 1573 895 1651; baseline 0.001 -21"><span class='ocrx_word' id='word_1_78' title='bbox 107 1573 149 1631; x_wconf 89' lang='lat' dir='ltr'>M.</span> <span class='ocrx_word' id='word_1_79' title='bbox 167 1575 289 1646; x_wconf 80' lang='lat' dir='ltr'><strong>Scauro,</strong></span> <span class='ocrx_word' id='word_1_80' title='bbox 305 1574 379 1633; x_wconf 89' lang='lat' dir='ltr'>etin</span> <span class='ocrx_word' id='word_1_81' title='bbox 393 1573 435 1631; x_wconf 89' lang='lat' dir='ltr'>M.</span> <span class='ocrx_word' id='word_1_82' title='bbox 450 1575 548 1632; x_wconf 86' lang='lat' dir='ltr'>Druso</span> <span class='ocrx_word' id='word_1_83' title='bbox 563 1576 755 1646; x_wconf 88' lang='lat' dir='ltr'>adolescente,</span> <span class='ocrx_word' id='word_1_84' title='bbox 771 1574 895 1651; x_wconf 85' lang='lat' dir='ltr'>singula-</span> 
     </span>
     <span class='ocr_line' id='line_1_14' title="bbox 106 1670 895 1746; baseline 0.001 -20"><span class='ocrx_word' id='word_1_85' title='bbox 106 1672 147 1727; x_wconf 92' lang='lat' dir='ltr'>ris</span> <span class='ocrx_word' id='word_1_86' title='bbox 162 1671 312 1740; x_wconf 82' lang='lat' dir='ltr'>severitas3</span> <span class='ocrx_word' id='word_1_87' title='bbox 335 1671 364 1727; x_wconf 91' lang='lat' dir='ltr'>in</span> <span class='ocrx_word' id='word_1_88' title='bbox 379 1671 413 1727; x_wconf 88' lang='lat' dir='ltr'>C.</span> <span class='ocrx_word' id='word_1_89' title='bbox 426 1670 515 1728; x_wconf 82' lang='lat' dir='ltr'>Laelio</span> <span class='ocrx_word' id='word_1_90' title='bbox 526 1672 617 1728; x_wconf 89' lang='lat' dir='ltr'>multa</span> <span class='ocrx_word' id='word_1_91' title='bbox 627 1671 770 1740; x_wconf 82' lang='lat' dir='ltr'>hilaritas3</span> <span class='ocrx_word' id='word_1_92' title='bbox 792 1671 822 1728; x_wconf 94' lang='lat' dir='ltr'>in</span> <span class='ocrx_word' id='word_1_93' title='bbox 833 1671 895 1746; x_wconf 87' lang='lat' dir='ltr'>ejus</span> 
     </span>
     <span class='ocr_line' id='line_1_15' title="bbox 108 1767 892 1843; baseline 0.001 -21"><span class='ocrx_word' id='word_1_94' title='bbox 108 1767 243 1823; x_wconf 83' lang='lat' dir='ltr'>familiari</span> <span class='ocrx_word' id='word_1_95' title='bbox 268 1767 404 1842; x_wconf 78' lang='lat' dir='ltr'>Scipione</span> <span class='ocrx_word' id='word_1_96' title='bbox 433 1767 550 1824; x_wconf 85' lang='lat' dir='ltr'>ambitio</span> <span class='ocrx_word' id='word_1_97' title='bbox 574 1768 674 1843; x_wconf 88' lang='lat' dir='ltr'>major,</span> <span class='ocrx_word' id='word_1_98' title='bbox 697 1767 756 1825; x_wconf 82' lang='lat' dir='ltr'>vita</span> <span class='ocrx_word' id='word_1_99' title='bbox 778 1768 892 1824; x_wconf 85' lang='lat' dir='ltr'>tristior.</span> 
     </span>
     <span class='ocr_line' id='line_1_16' title="bbox 108 1863 940 1937; baseline 0 -18"><span class='ocrx_word' id='word_1_100' title='bbox 108 1863 155 1919; x_wconf 91' lang='lat' dir='ltr'>De</span> <span class='ocrx_word' id='word_1_101' title='bbox 169 1863 280 1920; x_wconf 84' lang='lat' dir='ltr'>Graecis</span> <span class='ocrx_word' id='word_1_102' title='bbox 302 1873 407 1933; x_wconf 87' lang='lat' dir='ltr'>autem,</span> <span class='ocrx_word' id='word_1_103' title='bbox 423 1864 536 1922; x_wconf 84' lang='lat' dir='ltr'>dulcem</span> <span class='ocrx_word' id='word_1_104' title='bbox 552 1874 580 1920; x_wconf 87' lang='lat' dir='ltr'>et</span> <span class='ocrx_word' id='word_1_105' title='bbox 594 1863 729 1934; x_wconf 84' lang='lat' dir='ltr'>facetum,</span> <span class='ocrx_word' id='word_1_106' title='bbox 745 1864 894 1937; x_wconf 84' lang='lat' dir='ltr'>festivique</span> <span class='ocrx_word' id='word_1_107' title='bbox 909 1871 940 1919; x_wconf 82' lang='lat'>15</span> 
     </span>
    </p>
   </div>
   <div class='ocr_carea' id='block_1_3' title="bbox 5 1959 893 2033">
    <p class='ocr_par' dir='ltr' id='par_1_4' title="bbox 5 1959 893 2033">
     <span class='ocr_line' id='line_1_17' title="bbox 5 1959 893 2033; baseline 0.002 -18"><span class='ocrx_word' id='word_1_108' title='bbox 5 1993 6 2002; x_wconf 29' lang='grc' dir='ltr'><strong>κ</strong></span> <span class='ocrx_word' id='word_1_109' title='bbox 109 1959 259 2030; x_wconf 87' lang='lat' dir='ltr'>sermonis,</span> <span class='ocrx_word' id='word_1_110' title='bbox 281 1971 365 2033; x_wconf 88' lang='lat' dir='ltr'>atque</span> <span class='ocrx_word' id='word_1_111' title='bbox 388 1959 417 2015; x_wconf 91' lang='lat' dir='ltr'>in</span> <span class='ocrx_word' id='word_1_112' title='bbox 437 1959 516 2017; x_wconf 91' lang='lat' dir='ltr'>omni</span> <span class='ocrx_word' id='word_1_113' title='bbox 536 1961 667 2017; x_wconf 88' lang='lat' dir='ltr'>oratione</span> <span class='ocrx_word' id='word_1_114' title='bbox 688 1960 893 2031; x_wconf 86' lang='lat' dir='ltr'>simulatorem,</span> 
     </span>
    </p>
   </div>
   <div class='ocr_carea' id='block_1_4' title="bbox 108 2055 940 3261">
    <p class='ocr_par' dir='ltr' id='par_1_5' title="bbox 108 2055 940 3090">
     <span class='ocr_line' id='line_1_18' title="bbox 109 2055 895 2129; baseline 0.003 -18"><span class='ocrx_word' id='word_1_115' title='bbox 109 2073 195 2129; x_wconf 91' lang='lat' dir='ltr'>quem</span> <span class='ocrx_word' id='word_1_116' title='bbox 211 2061 319 2127; x_wconf 71' lang='grc' dir='ltr'><em>Εἴρωνα</em></span> <span class='ocrx_word' id='word_1_117' title='bbox 333 2055 429 2112; x_wconf 76' lang='lat' dir='ltr'>Greci</span> <span class='ocrx_word' id='word_1_118' title='bbox 443 2056 673 2125; x_wconf 88' lang='lat' dir='ltr'>nominaverunt,</span> <span class='ocrx_word' id='word_1_119' title='bbox 686 2057 834 2114; x_wconf 83' lang='lat' dir='ltr'>Socratem</span> <span class='ocrx_word' id='word_1_120' title='bbox 849 2075 895 2113; x_wconf 87' lang='lat' dir='ltr'>ac·</span> 
     </span>
     <span class='ocr_line' id='line_1_19' title="bbox 109 2151 894 2226; baseline 0.001 -19"><span class='ocrx_word' id='word_1_121' title='bbox 109 2151 257 2226; x_wconf 86' lang='lat' dir='ltr'>cepimus:</span> <span class='ocrx_word' id='word_1_122' title='bbox 279 2161 389 2221; x_wconf 88' lang='lat' dir='ltr'>contra,</span> <span class='ocrx_word' id='word_1_123' title='bbox 404 2151 595 2226; x_wconf 85' lang='lat' dir='ltr'>Pythagoram</span> <span class='ocrx_word' id='word_1_124' title='bbox 615 2162 645 2207; x_wconf 88' lang='lat' dir='ltr'>et</span> <span class='ocrx_word' id='word_1_125' title='bbox 666 2151 806 2208; x_wconf 89' lang='lat' dir='ltr'>Periclem</span> <span class='ocrx_word' id='word_1_126' title='bbox 820 2171 894 2208; x_wconf 89' lang='lat' dir='ltr'>surn-</span> 
     </span>
     <span class='ocr_line' id='line_1_20' title="bbox 109 2246 893 2317; baseline -0.001 -13"><span class='ocrx_word' id='word_1_127' title='bbox 109 2267 186 2310; x_wconf 86' lang='lat' dir='ltr'>mam</span> <span class='ocrx_word' id='word_1_128' title='bbox 196 2247 395 2304; x_wconf 85' lang='lat' dir='ltr'>auctoritatem</span> <span class='ocrx_word' id='word_1_129' title='bbox 407 2256 590 2317; x_wconf 87' lang='lat' dir='ltr'>consecutos,</span> <span class='ocrx_word' id='word_1_130' title='bbox 600 2247 662 2303; x_wconf 89' lang='lat' dir='ltr'>sine</span> <span class='ocrx_word' id='word_1_131' title='bbox 674 2246 731 2302; x_wconf 75' lang='lat' dir='ltr'>ulld</span> <span class='ocrx_word' id='word_1_132' title='bbox 743 2247 893 2304; x_wconf 87' lang='lat' dir='ltr'>hilaritate.</span> 
     </span>
     <span class='ocr_line' id='line_1_21' title="bbox 109 2342 940 2413; baseline 0.001 -12"><span class='ocrx_word' id='word_1_133' title='bbox 109 2344 256 2401; x_wconf 90' lang='lat' dir='ltr'>Callidum</span> <span class='ocrx_word' id='word_1_134' title='bbox 277 2342 481 2413; x_wconf 86' lang='lat' dir='ltr'>Hannibalem,</span> <span class='ocrx_word' id='word_1_135' title='bbox 500 2360 537 2400; x_wconf 82' lang='lat' dir='ltr'>ex</span> <span class='ocrx_word' id='word_1_136' title='bbox 557 2342 719 2412; x_wconf 65' lang='lat' dir='ltr'>Poenorum,</span> <span class='ocrx_word' id='word_1_137' title='bbox 735 2360 770 2398; x_wconf 86' lang='lat' dir='ltr'>ex</span> <span class='ocrx_word' id='word_1_138' title='bbox 791 2342 895 2399; x_wconf 88' lang='lat' dir='ltr'>nostris</span> <span class='ocrx_word' id='word_1_139' title='bbox 908 2354 940 2403; x_wconf 75' lang='lat'>20</span> 
     </span>
     <span class='ocr_line' id='line_1_22' title="bbox 109 2437 892 2512; baseline -0.001 -16"><span class='ocrx_word' id='word_1_140' title='bbox 109 2440 244 2510; x_wconf 80' lang='lat' dir='ltr'>ducibus,</span> <span class='ocrx_word' id='word_1_141' title='bbox 259 2438 299 2499; x_wconf 82' lang='lat' dir='ltr'>Q.</span> <span class='ocrx_word' id='word_1_142' title='bbox 315 2437 475 2495; x_wconf 87' lang='lat' dir='ltr'>Maximum</span> <span class='ocrx_word' id='word_1_143' title='bbox 498 2438 671 2512; x_wconf 86' lang='lat' dir='ltr'>accepimus,</span> <span class='ocrx_word' id='word_1_144' title='bbox 687 2437 772 2494; x_wconf 80' lang='lat' dir='ltr'>facile</span> <span class='ocrx_word' id='word_1_145' title='bbox 791 2439 892 2511; x_wconf 88' lang='lat' dir='ltr'>colare,</span> 
     </span>
     <span class='ocr_line' id='line_1_23' title="bbox 108 2534 895 2610; baseline -0.001 -17"><span class='ocrx_word' id='word_1_146' title='bbox 108 2548 219 2607; x_wconf 87' lang='lat' dir='ltr'>tacere,</span> <span class='ocrx_word' id='word_1_147' title='bbox 234 2534 424 2606; x_wconf 83' lang='lat' dir='ltr'>dissimulare,</span> <span class='ocrx_word' id='word_1_148' title='bbox 441 2534 581 2604; x_wconf 90' lang='lat' dir='ltr'>insidiari,</span> <span class='ocrx_word' id='word_1_149' title='bbox 595 2535 750 2610; x_wconf 82' lang='lat' dir='ltr'>praecipere</span> <span class='ocrx_word' id='word_1_150' title='bbox 770 2535 895 2592; x_wconf 89' lang='lat' dir='ltr'>hostium</span> 
     </span>
     <span class='ocr_line' id='line_1_24' title="bbox 109 2631 895 2707; baseline 0 -18"><span class='ocrx_word' id='word_1_151' title='bbox 109 2632 239 2691; x_wconf 88' lang='lat' dir='ltr'>consilia.</span> <span class='ocrx_word' id='word_1_152' title='bbox 281 2631 317 2687; x_wconf 90' lang='lat' dir='ltr'>ln</span> <span class='ocrx_word' id='word_1_153' title='bbox 337 2650 394 2705; x_wconf 89' lang='lat' dir='ltr'>quo</span> <span class='ocrx_word' id='word_1_154' title='bbox 420 2649 525 2707; x_wconf 83' lang='lat' dir='ltr'>genere</span> <span class='ocrx_word' id='word_1_155' title='bbox 551 2631 648 2688; x_wconf 77' lang='lat' dir='ltr'>Graeci</span> <span class='ocrx_word' id='word_1_156' title='bbox 667 2631 895 2690; x_wconf 89' lang='lat' dir='ltr'>Themistoclem</span> 
     </span>
     <span class='ocr_line' id='line_1_25' title="bbox 110 2725 894 2803; baseline 0 -18"><span class='ocrx_word' id='word_1_157' title='bbox 110 2739 140 2785; x_wconf 93' lang='lat' dir='ltr'>et</span> <span class='ocrx_word' id='word_1_158' title='bbox 162 2729 315 2785; x_wconf 66' lang='lat' dir='ltr'>Pheraeum</span> <span class='ocrx_word' id='word_1_159' title='bbox 339 2725 475 2783; x_wconf 75' lang='lat' dir='ltr'>iasonem</span> <span class='ocrx_word' id='word_1_160' title='bbox 498 2727 610 2784; x_wconf 72' lang='lat' dir='ltr'>caeteris</span> <span class='ocrx_word' id='word_1_161' title='bbox 634 2738 818 2803; x_wconf 85' lang='lat' dir='ltr'>anteponunt</span> <span class='ocrx_word' id='word_1_162' title='bbox 860 2728 894 2786; x_wconf 90' lang='lat' dir='ltr'>Iu</span> 
     </span>
     <span class='ocr_line' id='line_1_26' title="bbox 108 2821 940 2900; baseline -0.002 -20"><span class='ocrx_word' id='word_1_163' title='bbox 108 2824 266 2900; x_wconf 87' lang='lat' dir='ltr'>primisque</span> <span class='ocrx_word' id='word_1_164' title='bbox 280 2832 425 2880; x_wconf 88' lang='lat' dir='ltr'>versutum</span> <span class='ocrx_word' id='word_1_165' title='bbox 437 2832 469 2878; x_wconf 87' lang='lat' dir='ltr'>ct</span> <span class='ocrx_word' id='word_1_166' title='bbox 483 2822 619 2879; x_wconf 86' lang='lat' dir='ltr'>callidum</span> <span class='ocrx_word' id='word_1_167' title='bbox 640 2821 745 2879; x_wconf 87' lang='lat' dir='ltr'>factum</span> <span class='ocrx_word' id='word_1_168' title='bbox 768 2824 893 2895; x_wconf 85' lang='lat' dir='ltr'>Solonis,</span> <span class='ocrx_word' id='word_1_169' title='bbox 908 2830 940 2878; x_wconf 76' lang='lat'>25</span> 
     </span>
     <span class='ocr_line' id='line_1_27' title="bbox 109 2918 896 2994; baseline -0.001 -17"><span class='ocrx_word' id='word_1_170' title='bbox 109 2920 169 2994; x_wconf 88' lang='lat' dir='ltr'>qui,</span> <span class='ocrx_word' id='word_1_171' title='bbox 184 2937 242 2994; x_wconf 88' lang='lat' dir='ltr'>quo</span> <span class='ocrx_word' id='word_1_172' title='bbox 256 2928 286 2975; x_wconf 91' lang='lat' dir='ltr'>et</span> <span class='ocrx_word' id='word_1_173' title='bbox 299 2918 387 2975; x_wconf 88' lang='lat' dir='ltr'>tutior</span> <span class='ocrx_word' id='word_1_174' title='bbox 400 2918 459 2975; x_wconf 81' lang='lat' dir='ltr'>vita</span> <span class='ocrx_word' id='word_1_175' title='bbox 478 2918 538 2992; x_wconf 88' lang='lat' dir='ltr'>ejus</span> <span class='ocrx_word' id='word_1_176' title='bbox 552 2927 637 2988; x_wconf 86' lang='lat' dir='ltr'>esset,</span> <span class='ocrx_word' id='word_1_177' title='bbox 652 2927 681 2974; x_wconf 91' lang='lat' dir='ltr'>et</span> <span class='ocrx_word' id='word_1_178' title='bbox 694 2918 757 2993; x_wconf 92' lang='lat' dir='ltr'>plus</span> <span class='ocrx_word' id='word_1_179' title='bbox 772 2919 896 2993; x_wconf 86' lang='lat' dir='ltr'>aliquan·</span> 
     </span>
     <span class='ocr_line' id='line_1_28' title="bbox 108 3013 821 3090; baseline -0.001 -18"><span class='ocrx_word' id='word_1_180' title='bbox 108 3017 148 3072; x_wconf 95' lang='lat' dir='ltr'>do</span> <span class='ocrx_word' id='word_1_181' title='bbox 162 3014 330 3090; x_wconf 71' lang='lat' dir='ltr'>reipublice</span> <span class='ocrx_word' id='word_1_182' title='bbox 343 3014 503 3088; x_wconf 85' lang='lat' dir='ltr'>prodesset,</span> <span class='ocrx_word' id='word_1_183' title='bbox 518 3014 612 3072; x_wconf 83' lang='lat' dir='ltr'>furere</span> <span class='ocrx_word' id='word_1_184' title='bbox 627 3032 657 3069; x_wconf 89' lang='lat' dir='ltr'>se</span> <span class='ocrx_word' id='word_1_185' title='bbox 671 3013 821 3071; x_wconf 85' lang='lat' dir='ltr'>simulavit.</span> 
     </span>
    </p>

    <p class='ocr_par' dir='ltr' id='par_1_6' title="bbox 148 3109 895 3186">
     <span class='ocr_line' id='line_1_29' title="bbox 148 3109 895 3186; baseline -0.005 -17"><span class='ocrx_word' id='word_1_186' title='bbox 148 3113 226 3169; x_wconf 83' lang='lat' dir='ltr'>Sunt</span> <span class='ocrx_word' id='word_1_187' title='bbox 248 3111 293 3168; x_wconf 89' lang='lat' dir='ltr'>bis</span> <span class='ocrx_word' id='word_1_188' title='bbox 321 3110 371 3168; x_wconf 88' lang='lat' dir='ltr'>alii</span> <span class='ocrx_word' id='word_1_189' title='bbox 391 3110 512 3168; x_wconf 90' lang='lat' dir='ltr'>multum</span> <span class='ocrx_word' id='word_1_190' title='bbox 534 3109 672 3186; x_wconf 86' lang='lat' dir='ltr'>dispares,</span> <span class='ocrx_word' id='word_1_191' title='bbox 697 3110 842 3185; x_wconf 85' lang='lat' dir='ltr'>simplices</span> <span class='ocrx_word' id='word_1_192' title='bbox 864 3117 895 3165; x_wconf 90' lang='lat' dir='ltr'>et</span> 
     </span>
    </p>

    <p class='ocr_par' dir='ltr' id='par_1_7' title="bbox 347 3207 368 3261">
     <span class='ocr_line' id='line_1_30' title="bbox 347 3207 368 3261; baseline 0 0"><span class='ocrx_word' id='word_1_193' title='bbox 347 3207 368 3261; x_wconf 86' lang='grc'><strong>6</strong></span> 
     </span>
    </p>
   </div>
   <div class='ocr_carea' id='block_1_5' title="bbox 0 0 1101 3609">
    <p class='ocr_par' dir='ltr' id='par_1_8' title="bbox 0 0 1101 3609">
     <span class='ocr_line' id='line_1_31' title="bbox 0 0 1101 3609; baseline 0 0"><span class='ocrx_word' id='word_1_194' title='bbox 0 0 1101 3609; x_wconf 95' lang='lat' dir='ltr'> </span> 
     </span>
    </p>
   </div>
  </div>
 </body>
</html>
