<?xml version="1.0" encoding="UTF-8"?>
<!DOCTYPE html PUBLIC "-//W3C//DTD XHTML 1.0 Transitional//EN"
    "http://www.w3.org/TR/xhtml1/DTD/xhtml1-transitional.dtd">
<html xmlns="http://www.w3.org/1999/xhtml" xml:lang="en" lang="en">
 <head>
  <title>
</title>
<meta http-equiv="Content-Type" content="text/html;charset=utf-8" />
  <meta name='ocr-system' content='tesseract 3.04.00' />
  <meta name='ocr-capabilities' content='ocr_page ocr_carea ocr_par ocr_line ocrx_word'/>
</head>
<body>
  <div class='ocr_page' id='page_1' title='image "./mtciceronisdeof01dillgoog/mtciceronisdeof01dillgoog_0180.png"; bbox 0 0 2167 3609; ppageno 0'>
   <div class='ocr_carea' id='block_1_1' title="bbox 133 293 963 399">
    <p class='ocr_par' dir='ltr' id='par_1_1' title="bbox 133 293 963 399">
     <span class='ocr_line' id='line_1_1' title="bbox 133 293 963 399; baseline -0.007 -9"><span class='ocrx_word' id='word_1_1' title='bbox 133 329 189 390; x_wconf 77' lang='lat'>174</span> <span class='ocrx_word' id='word_1_2' title='bbox 356 293 360 298; x_wconf 76' lang='lat'>,</span> <span class='ocrx_word' id='word_1_3' title='bbox 465 340 509 387; x_wconf 81' lang='lat' dir='ltr'>uu</span> <span class='ocrx_word' id='word_1_4' title='bbox 531 339 677 398; x_wconf 69' lang='lat' dir='ltr'>osricus.</span> <span class='ocrx_word' id='word_1_5' title='bbox 766 344 770 350; x_wconf 84' lang='grc'><em>·</em></span> <span class='ocrx_word' id='word_1_6' title='bbox 870 339 909 399; x_wconf 76' lang='lat' dir='ltr'>[a.</span> <span class='ocrx_word' id='word_1_7' title='bbox 920 338 963 385; x_wconf 90' lang='lat'>111.</span> 
     </span>
    </p>
   </div>
   <div class='ocr_carea' id='block_1_2' title="bbox 127 488 966 3167">
    <p class='ocr_par' dir='ltr' id='par_1_2' title="bbox 127 488 966 3167">
     <span class='ocr_line' id='line_1_2' title="bbox 176 488 964 567; baseline -0.004 -20"><span class='ocrx_word' id='word_1_8' title='bbox 176 488 313 560; x_wconf 88' lang='lat' dir='ltr'>tabulam,</span> <span class='ocrx_word' id='word_1_9' title='bbox 328 497 464 564; x_wconf 89' lang='lat' dir='ltr'>tanquam</span> <span class='ocrx_word' id='word_1_10' title='bbox 483 491 608 567; x_wconf 82' lang='lat' dir='ltr'><strong>plagam,</strong></span> <span class='ocrx_word' id='word_1_11' title='bbox 626 507 727 566; x_wconf 87' lang='lat' dir='ltr'>ponas,</span> <span class='ocrx_word' id='word_1_12' title='bbox 740 489 859 545; x_wconf 88' lang='lat' dir='ltr'>domum</span> <span class='ocrx_word' id='word_1_13' title='bbox 879 506 964 565; x_wconf 92' lang='lat' dir='ltr'>prop-</span> 
     </span>
     <span class='ocr_line' id='line_1_3' title="bbox 176 585 966 661; baseline 0 -19"><span class='ocrx_word' id='word_1_14' title='bbox 176 596 219 643; x_wconf 89' lang='lat' dir='ltr'>ter</span> <span class='ocrx_word' id='word_1_15' title='bbox 233 586 301 643; x_wconf 89' lang='lat' dir='ltr'>vitia</span> <span class='ocrx_word' id='word_1_16' title='bbox 315 587 437 656; x_wconf 83' lang='lat' dir='ltr'>vendas3</span> <span class='ocrx_word' id='word_1_17' title='bbox 459 587 569 644; x_wconf 90' lang='lat' dir='ltr'>ineam</span> <span class='ocrx_word' id='word_1_18' title='bbox 590 585 693 660; x_wconf 89' lang='lat' dir='ltr'>aliquis</span> <span class='ocrx_word' id='word_1_19' title='bbox 712 585 841 643; x_wconf 79' lang='lat' dir='ltr'>incurrat</span> <span class='ocrx_word' id='word_1_20' title='bbox 859 585 966 661; x_wconf 87' lang='lat' dir='ltr'>impru-</span> 
     </span>
     <span class='ocr_line' id='line_1_4' title="bbox 176 683 965 759; baseline 0 -18"><span class='ocrx_word' id='word_1_21' title='bbox 176 684 267 741; x_wconf 67' lang='lat' dir='ltr'>dens?</span> <span class='ocrx_word' id='word_1_22' title='bbox 308 683 376 740; x_wconf 86' lang='lat' dir='ltr'>Hoo</span> <span class='ocrx_word' id='word_1_23' title='bbox 395 702 558 759; x_wconf 75' lang='lat' dir='ltr'><strong>quanquam</strong></span> <span class='ocrx_word' id='word_1_24' title='bbox 578 683 671 753; x_wconf 81' lang='lat' dir='ltr'>rideo,</span> <span class='ocrx_word' id='word_1_25' title='bbox 691 693 805 758; x_wconf 91' lang='lat' dir='ltr'>propter</span> <span class='ocrx_word' id='word_1_26' title='bbox 829 684 965 758; x_wconf 87' lang='lat' dir='ltr'>deprava·</span> 
     </span>
     <span class='ocr_line' id='line_1_5' title="bbox 177 780 963 855; baseline 0.001 -18"><span class='ocrx_word' id='word_1_27' title='bbox 177 780 284 837; x_wconf 88' lang='lat' dir='ltr'>tionem</span> <span class='ocrx_word' id='word_1_28' title='bbox 305 780 533 850; x_wconf 79' lang='lat' dir='ltr'>consuetudinis,</span> <span class='ocrx_word' id='word_1_29' title='bbox 548 798 642 854; x_wconf 87' lang='lat' dir='ltr'>neque</span> <span class='ocrx_word' id='word_1_30' title='bbox 656 798 735 836; x_wconf 87' lang='lat' dir='ltr'>more</span> <span class='ocrx_word' id='word_1_31' title='bbox 749 790 831 855; x_wconf 84' lang='lat' dir='ltr'>turpe</span> <span class='ocrx_word' id='word_1_32' title='bbox 851 780 963 853; x_wconf 84' lang='lat' dir='ltr'>haberi,</span> 
     </span>
     <span class='ocr_line' id='line_1_6' title="bbox 146 877 964 966; baseline 0.007 -37"><span class='ocrx_word' id='word_1_33' title='bbox 146 880 271 952; x_wconf 71' lang='lat' dir='ltr'>bneque</span> <span class='ocrx_word' id='word_1_34' title='bbox 292 889 340 935; x_wconf 92' lang='lat' dir='ltr'>aut</span> <span class='ocrx_word' id='word_1_35' title='bbox 360 878 424 954; x_wconf 84' lang='lat' dir='ltr'>lege</span> <span class='ocrx_word' id='word_1_36' title='bbox 447 877 564 947; x_wconf 77' lang='lat' dir='ltr'>sanciri,</span> <span class='ocrx_word' id='word_1_37' title='bbox 586 887 634 934; x_wconf 91' lang='lat' dir='ltr'>aut</span> <span class='ocrx_word' id='word_1_38' title='bbox 657 877 722 952; x_wconf 87' lang='lat' dir='ltr'>jure</span> <span class='ocrx_word' id='word_1_39' title='bbox 744 877 836 946; x_wconf 83' lang='lat' dir='ltr'>civili3</span> <span class='ocrx_word' id='word_1_40' title='bbox 854 887 964 966; x_wconf 44' lang='lat' dir='ltr'>¹tamen</span> 
     </span>
     <span class='ocr_line' id='line_1_7' title="bbox 177 973 963 1052; baseline 0 -20"><span class='ocrx_word' id='word_1_41' title='bbox 177 985 286 1032; x_wconf 88' lang='lat' dir='ltr'>uaturae</span> <span class='ocrx_word' id='word_1_42' title='bbox 307 976 370 1052; x_wconf 85' lang='lat' dir='ltr'>lege</span> <span class='ocrx_word' id='word_1_43' title='bbox 391 975 533 1032; x_wconf 81' lang='lat' dir='ltr'>sancitum</span> <span class='ocrx_word' id='word_1_44' title='bbox 553 984 604 1030; x_wconf 86' lang='lat' dir='ltr'>est.</span> <span class='ocrx_word' id='word_1_45' title='bbox 647 973 776 1031; x_wconf 77' lang='lat' dir='ltr'><strong>Societas</strong></span> <span class='ocrx_word' id='word_1_46' title='bbox 803 974 880 1032; x_wconf 90' lang='lat' dir='ltr'>euim</span> <span class='ocrx_word' id='word_1_47' title='bbox 908 984 963 1045; x_wconf 90' lang='lat' dir='ltr'>est,</span> 
     </span>
     <span class='ocr_line' id='line_1_8' title="bbox 179 1069 964 1147; baseline -0.001 -18"><span class='ocrx_word' id='word_1_48' title='bbox 179 1070 278 1147; x_wconf 89' lang='lat' dir='ltr'>(quod,</span> <span class='ocrx_word' id='word_1_49' title='bbox 299 1072 352 1128; x_wconf 89' lang='lat' dir='ltr'>etsi</span> <span class='ocrx_word' id='word_1_50' title='bbox 373 1089 448 1146; x_wconf 78' lang='lat' dir='ltr'>saepe</span> <span class='ocrx_word' id='word_1_51' title='bbox 471 1070 582 1127; x_wconf 85' lang='lat' dir='ltr'>dictum</span> <span class='ocrx_word' id='word_1_52' title='bbox 608 1078 661 1140; x_wconf 88' lang='lat' dir='ltr'>est,</span> <span class='ocrx_word' id='word_1_53' title='bbox 682 1069 838 1127; x_wconf 78' lang='lat' dir='ltr'>dicendum</span> <span class='ocrx_word' id='word_1_54' title='bbox 864 1081 964 1128; x_wconf 88' lang='lat' dir='ltr'>tamen</span> 
     </span>
     <span class='ocr_line' id='line_1_9' title="bbox 177 1166 965 1244; baseline 0.001 -20"><span class='ocrx_word' id='word_1_55' title='bbox 177 1178 221 1224; x_wconf 85' lang='lat' dir='ltr'>est</span> <span class='ocrx_word' id='word_1_56' title='bbox 241 1167 358 1244; x_wconf 82' lang='lat' dir='ltr'>saepius)</span> <span class='ocrx_word' id='word_1_57' title='bbox 380 1167 517 1224; x_wconf 88' lang='lat' dir='ltr'>latissime</span> <span class='ocrx_word' id='word_1_58' title='bbox 536 1166 651 1240; x_wconf 89' lang='lat' dir='ltr'>quidem</span> <span class='ocrx_word' id='word_1_59' title='bbox 670 1185 733 1241; x_wconf 88' lang='lat' dir='ltr'>quae</span> <span class='ocrx_word' id='word_1_60' title='bbox 750 1176 856 1241; x_wconf 92' lang='lat' dir='ltr'>pateat,</span> <span class='ocrx_word' id='word_1_61' title='bbox 872 1167 965 1225; x_wconf 90' lang='lat' dir='ltr'>homi·</span> 
     </span>
     <span class='ocr_line' id='line_1_10' title="bbox 168 1253 964 1339; baseline 0.003 -20"><span class='ocrx_word' id='word_1_62' title='bbox 168 1253 246 1320; x_wconf 49' lang='lat' dir='ltr'>xnum</span> <span class='ocrx_word' id='word_1_63' title='bbox 260 1263 334 1319; x_wconf 88' lang='lat' dir='ltr'>iuter</span> <span class='ocrx_word' id='word_1_64' title='bbox 349 1264 494 1332; x_wconf 88' lang='lat' dir='ltr'>homiues;</span> <span class='ocrx_word' id='word_1_65' title='bbox 517 1262 635 1319; x_wconf 88' lang='lat' dir='ltr'>interior</span> <span class='ocrx_word' id='word_1_66' title='bbox 649 1280 758 1333; x_wconf 88' lang='lat' dir='ltr'>eorum,</span> <span class='ocrx_word' id='word_1_67' title='bbox 770 1263 819 1338; x_wconf 88' lang='lat' dir='ltr'>qui</span> <span class='ocrx_word' id='word_1_68' title='bbox 833 1264 964 1339; x_wconf 88' lang='lat' dir='ltr'>ejusdem</span> 
     </span>
     <span class='ocr_line' id='line_1_11' title="bbox 132 1358 965 1435; baseline 0.005 -22"><span class='ocrx_word' id='word_1_69' title='bbox 132 1364 162 1413; x_wconf 88' lang='lat'>10</span> <span class='ocrx_word' id='word_1_70' title='bbox 176 1358 272 1435; x_wconf 85' lang='lat' dir='ltr'>gentis</span> <span class='ocrx_word' id='word_1_71' title='bbox 290 1369 371 1428; x_wconf 83' lang='lat' dir='ltr'>suut3</span> <span class='ocrx_word' id='word_1_72' title='bbox 392 1359 508 1434; x_wconf 89' lang='lat' dir='ltr'>propior</span> <span class='ocrx_word' id='word_1_73' title='bbox 525 1377 636 1428; x_wconf 86' lang='lat' dir='ltr'>eorum,</span> <span class='ocrx_word' id='word_1_74' title='bbox 654 1358 703 1433; x_wconf 91' lang='lat' dir='ltr'>qui</span> <span class='ocrx_word' id='word_1_75' title='bbox 717 1358 844 1434; x_wconf 88' lang='lat' dir='ltr'>ejusdem</span> <span class='ocrx_word' id='word_1_76' title='bbox 864 1359 965 1417; x_wconf 86' lang='lat' dir='ltr'>civita·</span> 
     </span>
     <span class='ocr_line' id='line_1_12' title="bbox 177 1454 964 1531; baseline 0.004 -21"><span class='ocrx_word' id='word_1_77' title='bbox 177 1454 222 1511; x_wconf 86' lang='lat' dir='ltr'>tis.</span> <span class='ocrx_word' id='word_1_78' title='bbox 264 1454 364 1529; x_wconf 88' lang='lat' dir='ltr'>Itaque</span> <span class='ocrx_word' id='word_1_79' title='bbox 378 1454 501 1529; x_wconf 86' lang='lat' dir='ltr'>majores</span> <span class='ocrx_word' id='word_1_80' title='bbox 515 1454 593 1511; x_wconf 90' lang='lat' dir='ltr'>aliud</span> <span class='ocrx_word' id='word_1_81' title='bbox 610 1454 657 1530; x_wconf 88' lang='lat' dir='ltr'>jus</span> <span class='ocrx_word' id='word_1_82' title='bbox 671 1454 810 1530; x_wconf 84' lang='lat' dir='ltr'>gentium,</span> <span class='ocrx_word' id='word_1_83' title='bbox 826 1455 903 1512; x_wconf 89' lang='lat' dir='ltr'>aliud</span> <span class='ocrx_word' id='word_1_84' title='bbox 914 1455 964 1531; x_wconf 89' lang='lat' dir='ltr'>jus</span> 
     </span>
     <span class='ocr_line' id='line_1_13' title="bbox 177 1550 963 1623; baseline 0.001 -15"><span class='ocrx_word' id='word_1_85' title='bbox 177 1550 271 1623; x_wconf 80' lang='lat' dir='ltr'>civile,</span> <span class='ocrx_word' id='word_1_86' title='bbox 292 1570 355 1607; x_wconf 89' lang='lat' dir='ltr'>esse</span> <span class='ocrx_word' id='word_1_87' title='bbox 375 1551 533 1608; x_wconf 85' lang='lat' dir='ltr'>voluerunt.</span> <span class='ocrx_word' id='word_1_88' title='bbox 574 1550 664 1611; x_wconf 79' lang='lat' dir='ltr'>Quod</span> <span class='ocrx_word' id='word_1_89' title='bbox 690 1551 783 1622; x_wconf 85' lang='lat' dir='ltr'>civile,</span> <span class='ocrx_word' id='word_1_90' title='bbox 804 1569 863 1608; x_wconf 88' lang='lat' dir='ltr'>non</span> <span class='ocrx_word' id='word_1_91' title='bbox 885 1552 963 1609; x_wconf 88' lang='lat' dir='ltr'>idem</span> 
     </span>
     <span class='ocr_line' id='line_1_14' title="bbox 177 1646 963 1723; baseline 0.004 -20"><span class='ocrx_word' id='word_1_92' title='bbox 177 1648 316 1704; x_wconf 79' lang='lat' dir='ltr'>contiuuo</span> <span class='ocrx_word' id='word_1_93' title='bbox 336 1648 481 1723; x_wconf 61' lang='lat' dir='ltr'>gentium</span> <span class='ocrx_word' id='word_1_94' title='bbox 510 1646 587 1722; x_wconf 88' lang='lat' dir='ltr'>quod</span> <span class='ocrx_word' id='word_1_95' title='bbox 609 1657 703 1704; x_wconf 90' lang='lat' dir='ltr'>autem</span> <span class='ocrx_word' id='word_1_96' title='bbox 724 1648 862 1723; x_wconf 85' lang='lat' dir='ltr'>gentium,</span> <span class='ocrx_word' id='word_1_97' title='bbox 884 1647 963 1706; x_wconf 86' lang='lat' dir='ltr'>idem</span> 
     </span>
     <span class='ocr_line' id='line_1_15' title="bbox 177 1742 964 1820; baseline 0.004 -21"><span class='ocrx_word' id='word_1_98' title='bbox 177 1742 262 1799; x_wconf 87' lang='lat' dir='ltr'>civile</span> <span class='ocrx_word' id='word_1_99' title='bbox 282 1760 345 1799; x_wconf 91' lang='lat' dir='ltr'>esse</span> <span class='ocrx_word' id='word_1_100' title='bbox 365 1744 458 1799; x_wconf 88' lang='lat' dir='ltr'>debet.</span> <span class='ocrx_word' id='word_1_101' title='bbox 501 1744 560 1799; x_wconf 87' lang='lat' dir='ltr'>Sed</span> <span class='ocrx_word' id='word_1_102' title='bbox 575 1762 626 1800; x_wconf 89' lang='lat' dir='ltr'>nos</span> <span class='ocrx_word' id='word_1_103' title='bbox 640 1742 699 1800; x_wconf 85' lang='lat' dir='ltr'>veri</span> <span class='ocrx_word' id='word_1_104' title='bbox 710 1743 792 1818; x_wconf 87' lang='lat' dir='ltr'>juris,</span> <span class='ocrx_word' id='word_1_105' title='bbox 806 1761 964 1820; x_wconf 69' lang='lat' dir='ltr'>germanae-</span> 
     </span>
     <span class='ocr_line' id='line_1_16' title="bbox 131 1837 964 1916; baseline 0.004 -20"><span class='ocrx_word' id='word_1_106' title='bbox 131 1847 161 1896; x_wconf 86' lang='lat'>15</span> <span class='ocrx_word' id='word_1_107' title='bbox 176 1856 231 1912; x_wconf 90' lang='lat' dir='ltr'>que</span> <span class='ocrx_word' id='word_1_108' title='bbox 249 1837 377 1912; x_wconf 85' lang='lat' dir='ltr'>justitiae,</span> <span class='ocrx_word' id='word_1_109' title='bbox 391 1839 513 1895; x_wconf 88' lang='lat' dir='ltr'>solidam</span> <span class='ocrx_word' id='word_1_110' title='bbox 527 1849 556 1896; x_wconf 87' lang='lat' dir='ltr'>et</span> <span class='ocrx_word' id='word_1_111' title='bbox 572 1858 734 1914; x_wconf 83' lang='lat' dir='ltr'>expressam</span> <span class='ocrx_word' id='word_1_112' title='bbox 754 1840 878 1916; x_wconf 81' lang='lat' dir='ltr'>effigiem</span> <span class='ocrx_word' id='word_1_113' title='bbox 898 1841 964 1899; x_wconf 89' lang='lat' dir='ltr'>nul·</span> 
     </span>
     <span class='ocr_line' id='line_1_17' title="bbox 176 1935 963 2012; baseline 0.006 -21"><span class='ocrx_word' id='word_1_114' title='bbox 176 1935 232 1991; x_wconf 90' lang='lat' dir='ltr'>lam</span> <span class='ocrx_word' id='word_1_115' title='bbox 252 1945 400 1992; x_wconf 87' lang='lat' dir='ltr'>tenemus:</span> <span class='ocrx_word' id='word_1_116' title='bbox 421 1936 522 1993; x_wconf 71' lang='lat' dir='ltr'>umbrat</span> <span class='ocrx_word' id='word_1_117' title='bbox 536 1946 566 1993; x_wconf 88' lang='lat' dir='ltr'>et</span> <span class='ocrx_word' id='word_1_118' title='bbox 580 1936 753 2012; x_wconf 84' lang='lat' dir='ltr'>imaginibus</span> <span class='ocrx_word' id='word_1_119' title='bbox 767 1937 890 1995; x_wconf 89' lang='lat' dir='ltr'>utimur:</span> <span class='ocrx_word' id='word_1_120' title='bbox 911 1957 963 1996; x_wconf 86' lang='lat' dir='ltr'>eas</span> 
     </span>
     <span class='ocr_line' id='line_1_18' title="bbox 176 2031 962 2108; baseline 0.006 -20"><span class='ocrx_word' id='word_1_121' title='bbox 176 2031 252 2107; x_wconf 86' lang='lat' dir='ltr'>ipsas</span> <span class='ocrx_word' id='word_1_122' title='bbox 285 2032 394 2089; x_wconf 85' lang='lat' dir='ltr'>utinam</span> <span class='ocrx_word' id='word_1_123' title='bbox 428 2034 627 2108; x_wconf 87' lang='lat' dir='ltr'>sequeremur!</span> <span class='ocrx_word' id='word_1_124' title='bbox 663 2033 793 2091; x_wconf 81' lang='lat' dir='ltr'>feruntur</span> <span class='ocrx_word' id='word_1_125' title='bbox 820 2034 897 2091; x_wconf 87' lang='lat' dir='ltr'>enim</span> <span class='ocrx_word' id='word_1_126' title='bbox 925 2055 962 2093; x_wconf 83' lang='lat' dir='ltr'>ex</span> 
     </span>
     <span class='ocr_line' id='line_1_19' title="bbox 175 2129 962 2206; baseline 0.006 -21"><span class='ocrx_word' id='word_1_127' title='bbox 175 2129 290 2205; x_wconf 89' lang='lat' dir='ltr'>optimis</span> <span class='ocrx_word' id='word_1_128' title='bbox 323 2140 433 2187; x_wconf 84' lang='lat' dir='ltr'>naturae</span> <span class='ocrx_word' id='word_1_129' title='bbox 465 2140 494 2187; x_wconf 88' lang='lat' dir='ltr'>et</span> <span class='ocrx_word' id='word_1_130' title='bbox 522 2129 649 2187; x_wconf 87' lang='lat' dir='ltr'>veritatis</span> <span class='ocrx_word' id='word_1_131' title='bbox 683 2130 827 2206; x_wconf 85' lang='lat' dir='ltr'>exemplis.</span> <span class='ocrx_word' id='word_1_132' title='bbox 882 2132 962 2190; x_wconf 87' lang='lat' dir='ltr'>Nam</span> 
     </span>
     <span class='ocr_line' id='line_1_20' title="bbox 175 2224 961 2301; baseline 0.005 -20"><span class='ocrx_word' id='word_1_133' title='bbox 175 2225 274 2298; x_wconf 89' lang='lat' dir='ltr'>quanti</span> <span class='ocrx_word' id='word_1_134' title='bbox 298 2225 383 2282; x_wconf 89' lang='lat' dir='ltr'>verba</span> <span class='ocrx_word' id='word_1_135' title='bbox 408 2226 457 2282; x_wconf 89' lang='lat' dir='ltr'>illa</span> <span class='ocrx_word' id='word_1_136' title='bbox 481 2224 557 2281; x_wconf 89' lang='lat' dir='ltr'>“Uti</span> <span class='ocrx_word' id='word_1_137' title='bbox 579 2244 626 2296; x_wconf 88' lang='lat' dir='ltr'>ne,</span> <span class='ocrx_word' id='word_1_138' title='bbox 647 2236 761 2301; x_wconf 88' lang='lat' dir='ltr'>propter</span> <span class='ocrx_word' id='word_1_139' title='bbox 785 2236 815 2282; x_wconf 90' lang='lat' dir='ltr'>te</span> <span class='ocrx_word' id='word_1_140' title='bbox 838 2227 961 2286; x_wconf 85' lang='lat' dir='ltr'>fidemve</span> 
     </span>
     <span class='ocr_line' id='line_1_21' title="bbox 128 2322 961 2397; baseline 0.007 -21"><span class='ocrx_word' id='word_1_141' title='bbox 128 2327 263 2391; x_wconf 72' lang='lat' dir='ltr'>20tuarn,</span> <span class='ocrx_word' id='word_1_142' title='bbox 287 2322 593 2397; x_wconf 73' lang='lat' dir='ltr'>captus&#39;fraudatusve</span> <span class='ocrx_word' id='word_1_143' title='bbox 621 2322 731 2378; x_wconf 89' lang='lat' dir='ltr'>siem!&#39;&#39;</span> <span class='ocrx_word' id='word_1_144' title='bbox 784 2322 884 2384; x_wconf 79' lang='lat' dir='ltr'>Quam</span> <span class='ocrx_word' id='word_1_145' title='bbox 912 2324 961 2382; x_wconf 85' lang='lat' dir='ltr'>illa</span> 
     </span>
     <span class='ocr_line' id='line_1_22' title="bbox 175 2417 963 2495; baseline 0.004 -21"><span class='ocrx_word' id='word_1_146' title='bbox 175 2436 271 2487; x_wconf 90' lang='lat' dir='ltr'>aurea,</span> <span class='ocrx_word' id='word_1_147' title='bbox 293 2417 360 2474; x_wconf 89' lang='lat' dir='ltr'>“Ut</span> <span class='ocrx_word' id='word_1_148' title='bbox 380 2418 454 2474; x_wconf 88' lang='lat' dir='ltr'>iuter</span> <span class='ocrx_word' id='word_1_149' title='bbox 476 2418 567 2475; x_wconf 88' lang='lat' dir='ltr'>bonos</span> <span class='ocrx_word' id='word_1_150' title='bbox 593 2417 667 2475; x_wconf 87' lang='lat' dir='ltr'>bene</span> <span class='ocrx_word' id='word_1_151' title='bbox 690 2418 768 2495; x_wconf 85' lang='lat' dir='ltr'>agier</span> <span class='ocrx_word' id='word_1_152' title='bbox 788 2430 910 2494; x_wconf 82' lang='lat' dir='ltr'>oportet,</span> <span class='ocrx_word' id='word_1_153' title='bbox 931 2431 963 2477; x_wconf 89' lang='lat' dir='ltr'>et</span> 
     </span>
     <span class='ocr_line' id='line_1_23' title="bbox 174 2512 470 2571; baseline 0.01 -3"><span class='ocrx_word' id='word_1_154' title='bbox 174 2512 237 2570; x_wconf 88' lang='lat' dir='ltr'>sine</span> <span class='ocrx_word' id='word_1_155' title='bbox 251 2513 429 2571; x_wconf 87' lang='lat' dir='ltr'>fraudatione</span> <span class='ocrx_word' id='word_1_156' title='bbox 439 2515 445 2571; x_wconf 91' lang='lat'>!</span> <span class='ocrx_word' id='word_1_157' title='bbox 454 2515 470 2541; x_wconf 85' lang='lat'>&#39;¹</span> 
     </span>
     <span class='ocr_line' id='line_1_24' title="bbox 214 2610 959 2691; baseline 0.007 -25"><span class='ocrx_word' id='word_1_158' title='bbox 214 2610 283 2681; x_wconf 87' lang='lat' dir='ltr'>Sed,</span> <span class='ocrx_word' id='word_1_159' title='bbox 298 2610 347 2685; x_wconf 91' lang='lat' dir='ltr'>qui</span> <span class='ocrx_word' id='word_1_160' title='bbox 368 2611 425 2667; x_wconf 91' lang='lat' dir='ltr'>siut</span> <span class='ocrx_word' id='word_1_161' title='bbox 439 2617 458 2643; x_wconf 88' lang='lat'>“</span> <span class='ocrx_word' id='word_1_162' title='bbox 469 2611 567 2681; x_wconf 87' lang='lat' dir='ltr'>boni‚&#39;&#39;</span> <span class='ocrx_word' id='word_1_163' title='bbox 583 2611 695 2686; x_wconf 93' lang='lat' dir='ltr'>etquid</span> <span class='ocrx_word' id='word_1_164' title='bbox 714 2611 751 2668; x_wconf 92' lang='lat' dir='ltr'>sit</span> <span class='ocrx_word' id='word_1_165' title='bbox 765 2618 782 2644; x_wconf 88' lang='lat'><strong>“</strong></span> <span class='ocrx_word' id='word_1_166' title='bbox 794 2613 867 2670; x_wconf 87' lang='lat' dir='ltr'>bene</span> <span class='ocrx_word' id='word_1_167' title='bbox 883 2614 959 2691; x_wconf 81' lang='lat' dir='ltr'>agi‚”</span> 
     </span>
     <span class='ocr_line' id='line_1_25' title="bbox 174 2706 964 2785; baseline 0.008 -22"><span class='ocrx_word' id='word_1_168' title='bbox 174 2725 280 2783; x_wconf 84' lang='lat' dir='ltr'><strong>magna</strong></span> <span class='ocrx_word' id='word_1_169' title='bbox 299 2706 417 2782; x_wconf 82' lang='lat' dir='ltr'>quaestio</span> <span class='ocrx_word' id='word_1_170' title='bbox 434 2716 486 2765; x_wconf 87' lang='lat' dir='ltr'>est.</span> <span class='ocrx_word' id='word_1_171' title='bbox 527 2708 567 2769; x_wconf 78' lang='lat' dir='ltr'>Q.</span> <span class='ocrx_word' id='word_1_172' title='bbox 583 2707 698 2782; x_wconf 89' lang='lat' dir='ltr'>quidem</span> <span class='ocrx_word' id='word_1_173' title='bbox 713 2708 853 2782; x_wconf 80' lang='lat' dir='ltr'>Scaevola,</span> <span class='ocrx_word' id='word_1_174' title='bbox 867 2711 964 2785; x_wconf 90' lang='lat' dir='ltr'>ponti-</span> 
     </span>
     <span class='ocr_line' id='line_1_26' title="bbox 127 2802 962 2873; baseline 0.002 -10"><span class='ocrx_word' id='word_1_175' title='bbox 127 2814 159 2863; x_wconf 65' lang='grc'>95</span> <span class='ocrx_word' id='word_1_176' title='bbox 175 2802 221 2858; x_wconf 85' lang='lat' dir='ltr'>sex</span> <span class='ocrx_word' id='word_1_177' title='bbox 247 2802 395 2873; x_wconf 84' lang='lat' dir='ltr'>maximus,</span> <span class='ocrx_word' id='word_1_178' title='bbox 424 2822 565 2861; x_wconf 85' lang='lat' dir='ltr'>summanr</span> <span class='ocrx_word' id='word_1_179' title='bbox 598 2804 655 2861; x_wconf 87' lang='lat' dir='ltr'>vim</span> <span class='ocrx_word' id='word_1_180' title='bbox 690 2805 806 2862; x_wconf 81' lang='lat' dir='ltr'>dicebat</span> <span class='ocrx_word' id='word_1_181' title='bbox 838 2824 903 2863; x_wconf 87' lang='lat' dir='ltr'>esse</span> <span class='ocrx_word' id='word_1_182' title='bbox 931 2807 962 2866; x_wconf 91' lang='lat' dir='ltr'>iu</span> 
     </span>
     <span class='ocr_line' id='line_1_27' title="bbox 174 2897 963 2975; baseline 0.01 -22"><span class='ocrx_word' id='word_1_183' title='bbox 174 2897 308 2953; x_wconf 89' lang='lat' dir='ltr'>omnibus</span> <span class='ocrx_word' id='word_1_184' title='bbox 328 2897 364 2954; x_wconf 90' lang='lat' dir='ltr'>iis</span> <span class='ocrx_word' id='word_1_185' title='bbox 384 2900 518 2970; x_wconf 87' lang='lat' dir='ltr'>arbitriis,</span> <span class='ocrx_word' id='word_1_186' title='bbox 540 2900 570 2957; x_wconf 90' lang='lat' dir='ltr'>in</span> <span class='ocrx_word' id='word_1_187' title='bbox 591 2900 695 2975; x_wconf 89' lang='lat' dir='ltr'>quibus</span> <span class='ocrx_word' id='word_1_188' title='bbox 717 2901 879 2974; x_wconf 88' lang='lat' dir='ltr'>adderetur,</span> <span class='ocrx_word' id='word_1_189' title='bbox 898 2910 963 2962; x_wconf 83' lang='lat' dir='ltr'>“ex</span> 
     </span>
     <span class='ocr_line' id='line_1_28' title="bbox 174 2990 964 3070; baseline 0.013 -22"><span class='ocrx_word' id='word_1_190' title='bbox 174 2990 231 3048; x_wconf 85' lang='lat' dir='ltr'>fide</span> <span class='ocrx_word' id='word_1_191' title='bbox 251 2991 366 3048; x_wconf 81' lang='lat' dir='ltr'>bont:”</span> <span class='ocrx_word' id='word_1_192' title='bbox 395 2994 520 3070; x_wconf 85' lang='lat' dir='ltr'>fideique</span> <span class='ocrx_word' id='word_1_193' title='bbox 540 2997 624 3054; x_wconf 80' lang='lat' dir='ltr'>bouae</span> <span class='ocrx_word' id='word_1_194' title='bbox 651 3013 757 3054; x_wconf 87' lang='lat' dir='ltr'>nomeu</span> <span class='ocrx_word' id='word_1_195' title='bbox 780 2998 964 3059; x_wconf 84' lang='lat' dir='ltr'>existimabat</span> 
     </span>
     <span class='ocr_line' id='line_1_29' title="bbox 173 3085 964 3167; baseline 0.013 -21"><span class='ocrx_word' id='word_1_196' title='bbox 173 3103 291 3146; x_wconf 85' lang='lat' dir='ltr'>manare</span> <span class='ocrx_word' id='word_1_197' title='bbox 310 3085 458 3161; x_wconf 85' lang='lat' dir='ltr'>latissime,</span> <span class='ocrx_word' id='word_1_198' title='bbox 473 3091 561 3166; x_wconf 88' lang='lat' dir='ltr'>idque</span> <span class='ocrx_word' id='word_1_199' title='bbox 581 3093 688 3152; x_wconf 83' lang='lat' dir='ltr'>versari</span> <span class='ocrx_word' id='word_1_200' title='bbox 704 3093 734 3152; x_wconf 88' lang='lat' dir='ltr'>iu</span> <span class='ocrx_word' id='word_1_201' title='bbox 748 3094 855 3167; x_wconf 88' lang='lat' dir='ltr'>tutelis,</span> <span class='ocrx_word' id='word_1_202' title='bbox 870 3096 964 3156; x_wconf 75' lang='lat' dir='ltr'>socie·</span> 
     </span>
    </p>
   </div>
   <div class='ocr_carea' id='block_1_3' title="bbox 0 0 1088 3609">
    <p class='ocr_par' dir='ltr' id='par_1_3' title="bbox 0 0 1088 3609">
     <span class='ocr_line' id='line_1_30' title="bbox 0 0 1088 3609; baseline 0 0"><span class='ocrx_word' id='word_1_203' title='bbox 0 0 1088 3609; x_wconf 95' lang='lat' dir='ltr'> </span> 
     </span>
    </p>
   </div>
  </div>
 </body>
</html>
