2167 3609
83 379 156 439 na]
383 377 427 424 ns
446 376 593 425 osricus.
884 367 925 427 23

85 535 183 593 tunus,
206 526 285 600 quod
312 524 431 583 Theseo
457 525 637 603 promiserat,
662 544 722 584 non
748 525 875 599 fecisset,

85 621 222 679 Theseus
240 622 302 680 filio
323 621 482 699 Hippolyto
499 641 560 681 non
574 634 649 680 esset
663 624 788 682 orbatus.
830 623 877 682 Ex

85 718 178 776 tribus
197 718 277 776 enim
299 719 414 793 optatis,
435 718 481 796 (ut
499 708 648 800 scribitur)
666 722 723 779 hoe
740 730 802 779 erat
821 730 877 778 ter·

10 797 11 804 ἵ
86 814 169 885 tium,
183 814 262 890 quod
276 815 313 870 de
334 813 485 891 Hippolyti
506 815 624 873 interitu
644 816 732 875 iratus
751 817 876 894 optavit:

86 929 144 985 quo
158 910 319 986 impetrato,
335 910 366 968 in
380 911 519 970 maximos
539 911 637 969 luetus
657 912 769 970 incidit.
810 913 877 972 Neo
892 920 909 970 5

85 1007 228 1084 promissa
248 1007 335 1084 igitur
357 1008 496 1066 servanda
514 1018 582 1066 sunt
603 1027 647 1080 ea,
667 1029 730 1084 quae
752 1009 809 1067 sint
830 1010 876 1083 iis,

87 1103 192 1178 quibus
211 1104 387 1180 promiseris,
402 1105 531 1163 inutilia:
552 1124 618 1178 neo,
633 1105 658 1161 si
677 1105 743 1181 plus
760 1105 814 1162 tibi
827 1123 880 1163 no·

88 1210 183 1271 oeant,
203 1220 289 1274 quam
311 1201 353 1260 illi
376 1202 497 1276 prosint,
512 1202 561 1260 oui
582 1202 758 1277 promiseris,
777 1213 880 1260 eontra

86 1297 215 1354 officium
235 1308 288 1369 est,
301 1298 394 1374 majus
416 1299 551 1374 anteponi
571 1300 694 1357 minori:
715 1309 756 1371 ut,
771 1299 796 1356 si
810 1318 879 1357 eon·

87 1394 216 1452 stitueris
229 1407 258 1451 te
268 1394 394 1471 cuipiam
406 1396 576 1453 advocatum
591 1397 621 1453 in
635 1416 695 1455 rem
709 1405 879 1473 praesentem
895 1403 925 1454 10

87 1510 152 1547 esse
172 1501 336 1562 venturum,
352 1502 437 1566 atque
457 1493 573 1549 interim
595 1494 719 1570 graviter
739 1504 879 1570 aegrotare

87 1588 164 1644 filius
177 1587 307 1662 eoeperit,
319 1607 378 1645 non
390 1589 427 1645 sit
441 1599 544 1646 eontra
553 1590 691 1661 officium,
703 1590 878 1663 nonfacere,

88 1684 162 1759 quod
187 1684 310 1754 dixeris;
332 1685 480 1762 magisque
502 1686 561 1757 ille,
576 1687 625 1744 eui
646 1689 816 1762 promissum
831 1687 878 1759 sit,

89 1782 125 1838 ab
150 1781 249 1838 officio
270 1781 411 1853 discedat,
436 1782 461 1839 si
483 1802 514 1839 se
541 1783 710 1841 destitutum
734 1793 878 1858 queratur.

87 1877 155 1938 Jam
176 1877 233 1955 illis
256 1878 403 1953 promissis
424 1881 559 1938 standum
580 1899 639 1937 non
654 1899 726 1952 esse,
742 1881 806 1955 quis
820 1899 879 1937 non
894 1890 927 1939 15

10 2011 11 2016 κ
87 1974 175 2047 videt,
191 1994 254 2050 quae
269 1984 386 2033 eoactus
400 1976 464 2050 quis
477 1986 567 2048 metu,
578 1996 641 2052 que
652 1977 790 2053 deeeptus
801 1977 879 2049 dolo,

10 2071 11 2076 ’
87 2071 273 2147 promiseritl
295 2090 357 2146 quae
379 2073 495 2146 quidem
515 2073 652 2149 pleraque
670 2074 735 2149 jure
748 2074 880 2150 pretorio

89 2167 258 2239 liberantur,
274 2169 414 2227 nonnulla
426 2169 549 2245 legibus.

127 2264 281 2322 Exsistunt
308 2265 395 2323 etiam
416 2284 493 2340 saepe
514 2265 626 2340 injuriae
647 2265 792 2322 calumniis
813 2264 881 2338 qui·

10 2355 12 2364 ‘
88 2361 165 2433 darn,
180 2371 210 2418 et
233 2361 319 2418 nimis
340 2361 455 2433 callidis,
471 2362 521 2419 sed
544 2361 686 2419 malitiosi
703 2360 776 2436 juris
796 2360 881 2419 inter·
895 2378 928 2427 20

86 2458 258 2533 pretatione.
297 2457 343 2514 Ex
353 2478 409 2533 quo
422 2458 503 2530 illud,
518 2465 537 2491 “
549 2459 701 2515 Summum
711 2458 759 2535 jus
770 2477 881 2516 summa

89 2554 226 2630 injuria?
253 2554 360 2612 laetum
389 2564 433 2612 est
457 2556 516 2631 jam
540 2555 640 2613 tritum
662 2574 794 2614 sermone
816 2574 880 2631 pro-

88 2650 230 2707 verbium.
271 2650 343 2712 Quo
365 2650 395 2708 in
422 2670 529 2728 genere
558 2654 645 2709 etiam
673 2653 703 2709 in
730 2652 879 2728 republiot

90 2747 183 2805 multa
202 2757 379 2822 peccantur:
401 2757 432 2804 ut
455 2748 514 2820 ille,
529 2749 588 2824 qui,
603 2768 669 2806 oum
687 2749 805 2826 triginta
823 2748 882 2807 die·

89 2862 154 2900 rum
182 2852 280 2900 essent
307 2863 374 2901 curn
401 2845 483 2902 hoste
511 2856 604 2920 paetae
632 2845 767 2917 induoiae,
791 2856 881 2902 uootu
897 2852 929 2902 25

89 2940 281 3016 populabatur
305 2959 398 3016 agros,
422 2942 500 3016 quod
524 2942 635 2999 dierum
659 2952 756 3002 essent
778 2952 881 3017 pactae,

89 3054 147 3095 non
167 3037 311 3110 noctium,
327 3037 461 3096 indueiae.
503 3037 552 3095 Ne
571 3048 669 3095 noster
688 3038 804 3114 quidem
817 3057 882 3113 pro-

91 3133 226 3219 baudus,¹
242 3134 267 3193 si
289 3154 389 3195 rerum
414 3144 470 3208 est,
490 3135 532 3197 Q.
553 3133 677 3193 Fabium
704 3135 882 3201 Labeonem,
