2167 3609
120 354 216 415 nm]
412 355 454 401 nr:
475 355 620 402 osricus.
863 336 867 341 *
899 342 950 400 171

120 507 172 583 qui
205 505 261 561 boe
298 502 367 560 boni
403 503 456 560 viri
493 502 582 560 fuisse
619 513 721 580 neget3
759 501 906 577 sapientis,

122 611 245 678 negant3
274 610 315 669 ut,
336 599 360 655 si
381 600 509 666 minoris,
529 618 615 675 quam
641 600 790 675 potuisset,
811 598 908 655 vendi·

120 699 219 756 disset.
276 695 349 753 Hseo
384 696 471 772 igitur
498 705 541 752 est
568 696 618 752 illa
649 696 801 771 pernicies,
829 694 906 770 quod

120 795 194 852 alios
214 794 315 862 bonos,
331 792 402 849 alios
422 791 575 867 sapientes,
596 792 774 848 existimant:
795 811 831 848 ex
851 811 907 867 quo

120 890 245 960 Ennius,
274 888 494 962 “nequidquam
530 906 630 963 sapere
664 887 831 962 sapientem,
858 888 937 963 qui5

120 986 175 1044 sibi
191 986 251 1061 ipse
264 985 399 1060 prodesse
412 1002 469 1041 non
484 984 605 1058 quiret.’'
647 984 724 1040 Vere
738 984 766 1040 id
781 984 905 1059 quidem,

120 1084 154 1153 si,
169 1082 239 1157 quid
256 1091 334 1138 esset
348 1088 366 1113 “
376 1080 540 1156 prodesse,”
557 1080 627 1137 mihi
641 1100 708 1137 eum
728 1080 825 1137 Ennio
839 1099 907 1137 oon·

119 1180 239 1235 veniret.
281 1176 462 1234 Hecatonem
477 1176 592 1250 quidem
608 1175 767 1247 Rhodium,
782 1176 907 1252 discipu·

119 1274 179 1332 lum
200 1273 331 1344 Panaetii,
346 1273 429 1330 video
450 1272 481 1329 in
500 1272 536 1329 iis
556 1273 647 1345 libris,
662 1292 733 1347 quos
750 1275 787 1331 de
800 1272 907 1330 Officio

63 1429 68 1444 ,
120 1370 236 1445 scripsit
261 1368 301 1430 Q.
329 1369 488 1440 Tuberoni,
517 1363 624 1440 dicere,
655 1370 800 1446 Sapientis
833 1388 905 1442 esse,
922 1375 953 1425 10

119 1467 193 1524 nihil
218 1476 319 1524 eontra
345 1484 449 1536 mores,
472 1466 562 1542 leges,
587 1467 716 1525 instituta
742 1467 906 1535 facientem,

120 1562 228 1621 hebere
253 1563 394 1620 rationem
421 1562 463 1620 rei
491 1562 647 1619 familiaris.
698 1562 803 1638 Neque
830 1564 907 1621 enim

120 1660 214 1717 solum
238 1660 323 1716 nobis
346 1659 449 1717 divites
472 1678 535 1716 esse
559 1660 699 1731 volumus,
724 1661 774 1716 sed
799 1660 906 1732 liberis,

120 1756 298 1833 propinquis,
321 1756 430 1826 amieis,
449 1756 628 1831 maximeque
648 1756 830 1832 reipublice:
852 1757 908 1815 sin-

120 1851 254 1928 gulorum
275 1852 352 1909 enim
373 1851 532 1922 facultates,
547 1862 576 1908 et
597 1853 697 1927 oopiae,
714 1852 820 1910 divitie
841 1864 907 1911 sunt
922 1860 953 1908 15

120 1948 256 2005 civitatis.
298 1946 377 2005 Huio
398 1947 534 2005 Soaevolae
556 1948 662 2005 sactum
685 1947 806 2024 (dequo
821 1949 907 2025 paulo

121 2055 189 2102 ante
210 2044 283 2122 dixi)
304 2044 419 2119 plaeere
439 2043 519 2100 nullo
539 2044 625 2100 modo
648 2053 749 2118 potest.
791 2044 907 2102 Etenim

99 2142 242 2199 'omnino
268 2150 378 2198 tantum
403 2159 434 2196 se
460 2149 547 2215 negat
574 2140 716 2196 facturum
744 2140 909 2215 compendii

119 2238 164 2296 sui
193 2236 291 2307 causti,
319 2237 395 2311 quod
423 2255 480 2293 non
508 2236 602 2293 lioeat.
659 2234 739 2292 Huic
765 2254 820 2292 nee
846 2235 908 2294 laus

77 2373 82 2385 s
119 2352 228 2409 magna
253 2333 413 2404 tribuenda,
441 2351 496 2389 nee
523 2331 616 2408 gratia
642 2341 693 2388 est.
752 2331 820 2403 Sed,
848 2331 907 2388 sive
921 2338 953 2388 2⁰

119 2429 267 2487 simulatio
291 2439 319 2486 et
343 2428 532 2486 dissimulatio
555 2428 639 2484 dolus
661 2428 753 2484 malus
773 2437 825 2499 est,
846 2448 909 2504 per-

118 2545 222 2602 paucae
243 2544 288 2582 res
308 2535 385 2594 sunt,
400 2525 429 2581 in
449 2525 553 2599 quibus
572 2524 656 2581 dolus
677 2525 729 2582 iste
742 2525 835 2582 malus
848 2544 908 2582 non

119 2631 267 2679 versetur:
301 2621 360 2678 sive
387 2621 428 2676 vir
456 2623 549 2680 bonus
582 2631 625 2677 est
651 2620 676 2678 is
702 2622 751 2696 qui
784 2622 907 2696 prodest,

118 2719 227 2793 quibus
245 2727 349 2794 potest,
370 2727 456 2775 nocet
475 2717 595 2790 nemini,
611 2727 689 2773 certe
710 2716 795 2774 istum
816 2717 907 2775 virum

120 2814 232 2870 bonum
248 2831 305 2870 non
321 2812 406 2870 facile
420 2813 603 2888 reperiemus.
644 2811 801 2886 Nunquam
821 2812 907 2890 igitur
921 2822 953 2872 25

120 2918 167 2965 est
192 2908 262 2966 utile
284 2927 417 2984 peecare,
442 2909 509 2984 quia
532 2927 644 2983 semper
671 2918 714 2965 est
740 2918 838 2985 turpe:
869 2919 907 2980 et,

118 3006 191 3079 quia
214 3023 326 3079 semper
348 3015 392 3062 est
414 3005 577 3076 honestum,
597 3004 690 3061 virum
710 3005 816 3064 bonurn
836 3024 909 3073 esse,

119 3118 237 3176 semper
250 3110 294 3159 est
307 3100 386 3157 utile.
