2167 3609
169 360 209 421 22
503 368 547 416 na
566 369 711 417 orneris.
932 372 971 433 [n.
982 375 1000 422 ι.

214 517 338 586 tinctum
360 516 454 589 facile,
468 517 545 593 quod
559 518 697 595 cujusque
717 519 854 593 temporis
874 519 1003 577 officium

215 613 262 684 sit,
276 612 433 688 poterimus
448 612 519 690 (nisi
532 615 724 691 nosmetipsos
734 614 816 671 valde
828 615 1001 694 amabimus)

212 710 351 787 judicare.
395 710 448 767 Est
465 711 543 768 enim
564 712 690 769 difficilis
704 730 774 769 cura
787 730 881 769 rerum
897 711 1004 771 aliena·

215 824 294 875 rum3
316 825 478 882 quanquam
492 806 689 866 Terentianus
702 808 750 865 illo
768 807 909 865 Chremes
922 815 941 841 “
951 808 1003 866 hu·

183 916 201 964 5
216 903 293 961 mani
308 904 380 961 nihil
392 923 449 961 asa
462 904 587 961 alienum
596 907 706 981 putat.''
749 905 807 962 Sed
818 915 923 977 tamen,
934 906 1004 980 quia

214 1001 307 1077 magis
321 1018 356 1059 ea
367 1001 544 1076 percipimus
566 1011 650 1077 atque
671 1002 821 1073 sentimus,
836 1021 899 1076 quae
916 1002 1003 1059 nobis

216 1097 285 1172 ipsis
308 1108 356 1156 aut
376 1116 513 1173 prospera
534 1108 584 1155 aut
609 1097 728 1156 adversa
748 1099 892 1169 eveniunt,
915 1118 1002 1173 quam

216 1193 275 1264 illa,
290 1213 353 1267 quae
375 1194 486 1251 caeteris
501 1192 589 1270 (qum,
604 1194 686 1268 quasi
698 1193 785 1271 longo
799 1194 945 1253 intervallo
959 1194 1004 1250 in-

215 1290 345 1364 terjecto,
365 1289 524 1366 videmus);
548 1289 629 1352 aliter
653 1290 689 1346 de
711 1290 777 1363 iilis,
794 1309 828 1349 ac
850 1291 886 1347 de
906 1291 1002 1364 nobis,

170 1411 201 1460 10
212 1384 384 1461 judicamus.
424 1385 577 1447 Quocirca
596 1387 671 1444 bene
691 1387 870 1462 precipiunt,
886 1386 936 1462 qui
955 1406 1004 1444 ve-

215 1491 277 1539 tant
296 1481 451 1557 quidquam
472 1500 569 1558 agere,
590 1483 676 1559 quod,
691 1483 814 1555 dubites,
830 1502 942 1557 aequum
963 1484 1004 1540 sit

216 1597 253 1636 au
271 1578 409 1653 iniquum.
450 1578 585 1653 AEquitas
605 1580 684 1637 enim
703 1579 781 1637 lucet
801 1580 863 1655 ipsa
880 1597 932 1656 per
951 1598 1002 1638 se:

214 1673 357 1732 dubitatio
371 1673 578 1751 cogitationem
593 1675 736 1754 siguificat
749 1676 869 1753 injuriae.

254 1867 293 1926 X.
316 1869 374 1928 Sed
395 1869 527 1929 incidunt
548 1889 623 1947 sape
644 1881 783 1946 tempora,
799 1888 866 1928 cum
878 1888 923 1943 ea,
938 1889 1003 1945 quse

170 1987 201 2037 15
214 1965 338 2023 maxime
352 1966 483 2025 videntur
498 1968 587 2044 digna
604 1986 667 2025 esse
678 1967 756 2044 justo
770 1967 896 2038 homino,
911 1984 1002 2042 eoque

215 2080 299 2136 quem
314 2062 406 2120 virum
421 2065 528 2120 bonurn
543 2064 676 2135 dicimus,
688 2073 909 2135 commutantur,
918 2063 1003 2120 fiunt·

216 2176 271 2234 que
285 2159 444 2218 contraria:
466 2171 498 2218 ut
511 2161 632 2218 reddere
646 2159 817 2235 depositum,
831 2160 1002 2235 promissum

216 2254 321 2329 facere,
331 2275 450 2332 qumque
460 2257 605 2331 pertinent
617 2256 652 2313 ad
660 2257 809 2314 veritatem
818 2266 847 2313 et
858 2255 893 2313 ad
903 2255 1001 2329 iidem,

215 2371 250 2410 ea
264 2354 387 2429 migrare
407 2352 561 2423 interdum,
576 2362 605 2409 et
618 2369 678 2409 uon
692 2370 814 2424 servare,
829 2351 866 2409 sit
882 2351 1001 2429 justum.

168 2461 200 2509 20
215 2447 331 2505 Referri
352 2447 430 2503 enim
444 2447 530 2503 decet
547 2447 582 2503 ad
595 2465 639 2517 ea,
654 2465 718 2521 quae
730 2448 868 2522 proposui
882 2448 911 2505 iu
924 2448 1002 2523 priu-

215 2542 301 2618 cip'ro‚
323 2540 511 2598 fundamenta
527 2540 661 2615 justitia:
688 2542 821 2617 primum,
843 2553 932 2602 utne
953 2544 1001 2602 cui

215 2646 371 2705 nocentum
392 2635 506 2707 deinde,
533 2646 566 2693 ut
587 2637 733 2694 communi
757 2639 873 2696 utilitati
899 2641 1002 2697 servia·

215 2742 269 2789 tur.
303 2731 348 2790 Ea
357 2750 423 2789 cum
435 2742 566 2807 tempora
576 2743 797 2805 commutantur,
810 2745 1001 2796 commutatur

215 2827 351 2899 officium,
366 2839 395 2885 et
415 2847 474 2885 non
495 2847 606 2904 semper
625 2839 669 2886 est
685 2829 769 2886 idem.
810 2828 910 2886 Potest
922 2832 1001 2889 enim

160 2939 202 3002 ,25
217 2923 348 2982 accidere
368 2924 539 3000 promissum
555 2925 669 3000 aliquod
683 2937 712 2984 et
726 2934 909 2997 conventum,
925 2936 957 2983 ut
971 2928 1001 2984 id

216 3019 291 3078 effici
311 3021 348 3078 sit
368 3022 470 3080 inutile
483 3022 528 3079 vei
549 3022 577 3080 ei
598 3021 647 3080 cui
666 3023 839 3099 promissum
853 3022 900 3095 sit,
914 3024 959 3080 vei
972 3025 1001 3083 ei

215 3116 266 3195 qui
283 3118 455 3195 promiserit.
496 3117 527 3177 N
529 3137 576 3178 am
588 3118 614 3178 si
628 3116 675 3198 (ut
688 3119 719 3180 in
733 3119 837 3181 sabulis
850 3119 907 3200 est)
922 3118 1002 3202 Nep-
1017 3154 1020 3158 -
