2167 3609
465 332 508 379 m:
527 332 671 380 oamcns.
902 332 942 391 [a.
951 330 971 378 1.

186 487 281 549 turno,
306 498 373 538 cum
393 490 421 537 et
442 481 610 539 mulieribus
631 481 670 558 (si
691 479 777 537 Circe
797 489 827 537 et
846 478 972 555 Calypso

187 575 320 631 mulieres
342 576 515 651 appellandae
536 579 616 656 sunt)
632 576 790 646 inserviret,
805 575 879 632 etin
893 575 972 633 omni

187 690 319 728 sermone
339 673 473 730 omnibus
491 675 634 731 affabilem
648 694 678 731 se
693 692 755 730 esse
770 673 870 730 vellet!
894 672 972 729 domi

186 787 254 824 vero
269 770 355 826 etiam
370 771 559 827 contumelias
580 789 724 827 servorum
748 770 972 844 ancillarumque

156 880 173 928 5
188 866 313 940 pertulit,
329 867 410 924 atad
431 867 459 923 id
479 866 641 941 aliquando,
656 867 732 940 quod
754 866 896 942 cupiebat,
911 884 973 940 per·
1049 845 1050 870 ¹

188 963 306 1020 veniret.
347 964 389 1020 At
408 964 483 1039 Ajax
505 963 574 1039 (quo
595 964 690 1020 animo
710 963 846 1041 traditur)
869 962 973 1018 millies

189 1069 324 1133 oppetere
338 1068 467 1129 mortem,
483 1078 567 1133 quam
581 1055 630 1114 illa
642 1057 762 1132 perpeti,
777 1056 933 1113 maluisset.

228 1155 305 1216 Quae
320 1154 546 1229 contemplantes
560 1153 721 1230 expendere
737 1153 889 1229 oportebit,
905 1152 975 1227 quid

190 1252 309 1325 quisque
330 1251 434 1307 habeat
454 1251 514 1318 sui3
541 1270 631 1325 eaque
652 1250 805 1321 moderari,
826 1268 882 1307 neo
902 1249 975 1306 velle

144 1356 175 1405 10
191 1347 322 1422 experiri,
335 1361 418 1420 quarn
430 1365 459 1402 se
472 1347 565 1403 aliena
575 1347 705 1405 deceant.
746 1346 780 1402 ld
795 1346 873 1403 enim
887 1345 976 1403 mani·

191 1462 237 1501 me
259 1461 399 1517 quemque
421 1442 514 1513 decet,
530 1443 604 1516 quod
627 1454 670 1500 est
692 1444 831 1520 cujusque
852 1442 977 1499 maxime

191 1557 283 1597 suum,
326 1540 418 1595 Suum
438 1539 525 1614 igitur
547 1540 665 1614 quisque
688 1550 789 1597 noscat
810 1540 975 1616 ingenium

193 1654 344 1710 acremque
364 1655 394 1692 se
416 1645 446 1691 et
464 1636 602 1692 bonorum
618 1647 646 1692 et
661 1636 794 1693 vitiorum
808 1654 922 1693 suorum
934 1634 978 1711 ju·

192 1732 286 1788 dicem
307 1731 449 1807 praebeat3
471 1751 507 1788 ne
528 1731 638 1788 scenici
658 1731 731 1807 plus,
752 1751 836 1806 quam
857 1750 920 1803 nos,
940 1731 979 1788 vi·

147 1841 178 1889 15
193 1828 312 1885 deantur
324 1828 429 1884 habere
439 1828 614 1903 prudentia:
636 1828 677 1885 illi
688 1828 765 1885 enim
775 1846 832 1885 non
845 1828 978 1903 optimas,

193 1926 244 1982 sed
258 1925 312 1981 sibi
328 1924 771 2000 accommodatissimas‚,fabulas
781 1924 908 2001 eligunt:
930 1923 979 1998 qui

193 2041 264 2078 voce
279 2021 343 2078 freti
358 2032 433 2093 suut,
443 2021 600 2097 Epigonos,
612 2021 804 2096 Medumque;
826 2020 874 2096 qui
885 2030 979 2097 gestu,

194 2116 400 2194 Menalippam,
415 2117 681 2193 Clytaemnestram
704 2136 814 2192 semper
830 2116 980 2190 Rupilius,

195 2234 279 2289 quem
293 2234 348 2292 ego
363 2213 490 2285 memini,
505 2214 679 2289 Antiopam:
700 2233 757 2270 non
769 2231 843 2289 saepe
854 2211 981 2287 AEsopus

148 2313 180 2363 2⁰
195 2313 324 2387 Ajacem.
366 2310 445 2387 Ergo
460 2310 561 2368 histrio
575 2310 631 2367 hoc
646 2310 753 2366 videbit
767 2310 796 2366 in
811 2309 908 2380 scena,
920 2328 982 2365 non

196 2409 303 2464 videbit
317 2408 357 2463 vir
379 2407 493 2482 sapiens
515 2407 545 2462 in
566 2406 642 2462 vital
673 2406 721 2462 Ad
744 2425 814 2480 quas
834 2405 919 2481 igitur
934 2424 983 2462 res

197 2501 334 2577 aptissimi
348 2501 464 2572 erimus,
476 2501 506 2557 in
520 2501 555 2557 iis
569 2501 747 2575 potissimum
762 2500 981 2560 elaborabimus.

196 2597 249 2654 Sin
271 2596 424 2670 aliquando
450 2597 607 2654 necessitas
630 2616 683 2654 nos
707 2599 743 2655 ad
763 2617 799 2656 ea
818 2596 982 2667 detruserit,

197 2712 259 2766 quae
280 2692 368 2749 nostri
390 2691 500 2769 ingenii
516 2711 576 2750 non
590 2705 688 2765 erunt3
710 2695 804 2751 omnis
819 2693 985 2751 adhibenda

150 2804 183 2854 25
197 2789 252 2845 erit
265 2808 344 2859 cura,
359 2789 516 2862 meditatio,
532 2789 691 2867 diligentia,
707 2801 738 2847 ut
752 2810 796 2862 ea,
811 2789 835 2846 si
855 2808 913 2846 non
934 2789 985 2844 de·

198 2902 276 2954 core,
286 2894 314 2941 at
322 2904 407 2958 quam
416 2886 566 2943 minimum
575 2886 719 2957 indecore,
728 2886 822 2942 facere
830 2884 983 2961 possimus.

198 2979 264 3037 Nec
278 2989 336 3037 tam
351 2990 394 3038 est
407 2982 585 3054 enitendum,
599 2993 631 3039 ut
645 2983 730 3051 bona,
741 3000 804 3055 qua
818 2980 902 3038 nobis
915 2980 986 3039 data

196 3094 258 3136 noa
271 3075 338 3149 sint,
352 3093 513 3154 aequamur,
528 3095 613 3154 quam
628 3087 659 3135 ut
672 3076 742 3134 vitia
754 3076 905 3153 fugiamus.
