2167 3609
129 321 169 380 44
464 328 507 375 ΒΕ
526 327 672 374 osricus.
888 328 927 387 [L.
940 329 961 378 1.

175 479 229 536 bus
242 490 345 556 egent3
367 487 396 535 et
416 477 493 553 quia,
507 477 532 535 si
553 477 622 553 quid
641 475 751 534 adversi
765 473 887 546 eveniat,
902 484 964 532 tam

176 576 299 653 graviter
327 575 432 632 cadere
460 593 520 632 non
546 583 674 650 possunt.
714 572 875 643 Quocirca,
903 591 964 629 non

176 672 238 730 siue
253 672 341 729 causa
354 672 476 748 majores
490 680 583 728 motus
595 670 754 727 animorum
768 669 963 741 concitantur,

176 769 340 844 majoraque
360 768 521 839 efficienda,
549 766 754 841 rempublicam
785 766 962 842 gerentibus,

146 871 162 919 5
177 884 261 939 quam
275 864 396 940 quietis3
418 882 474 938 quo
488 862 580 939 magis
594 863 639 919 his
653 873 681 919 et
694 862 862 938 magnitudo
874 860 963 918 animi

176 970 220 1017 est
235 962 406 1032 adhibenda,
421 970 449 1018 et
464 959 592 1017 vacuitas
608 960 643 1016 ab
658 959 820 1035 angoribus.

215 1058 263 1114 Ad
284 1077 345 1114 rem
365 1058 520 1134 gerendam
541 1066 636 1113 autem
650 1056 699 1131 qui
714 1056 836 1127 accedit,
852 1065 962 1127 caveat,

177 1173 214 1211 ne
229 1154 258 1210 id
273 1154 358 1211 modo
372 1154 546 1225 consideret,
560 1172 645 1227 quam
659 1152 709 1209 illa
721 1171 767 1208 res
781 1152 901 1209 honesta
914 1152 962 1222 sit,

178 1250 227 1306 sed
250 1250 346 1320 etiam,
368 1260 400 1306 ut
422 1250 525 1306 habeat
546 1247 691 1305 efficiendi
713 1248 885 1305 facultatem.
926 1247 963 1304 In

133 1357 163 1405 10
178 1364 235 1420 quo
254 1345 316 1420 ipso
337 1345 577 1402 considerandum
598 1354 651 1415 est,
666 1363 703 1401 ne
718 1354 766 1401 aut
779 1353 886 1401 temere
900 1344 964 1400 des-

177 1453 266 1518 peret,
281 1452 394 1517 propter
410 1441 564 1517 ignaviam,
576 1454 624 1498 aut
638 1442 724 1498 nimis
735 1442 870 1512 confidat,
881 1460 964 1516 prop-

178 1549 221 1596 ter
248 1539 442 1613 cupiditatem.
483 1536 519 1594 In
546 1538 678 1595 omnibus
706 1548 800 1595 autern
828 1537 962 1614 negotiis,

178 1635 266 1710 prius,
281 1654 364 1711 quam
378 1634 554 1711 aggrediare,
567 1634 729 1691 adhibenda
738 1649 781 1690 est
794 1634 964 1709 praeparatio

80 1721 95 1745 ⁴
179 1732 310 1809 diligens.

134 1942 165 1990 15
218 1924 319 1983 XXII.
342 1926 410 1998 Sed,
425 1944 492 1983 curn
511 1925 641 2002 plerique
662 1925 832 1982 arbitrentur
846 1943 892 1982 res
906 1923 987 2002 bel-J

180 2022 251 2079 licas
269 2022 394 2098 'majores
415 2041 574 2097 essequam
590 2023 730 2091 urbanas;
752 2021 907 2078 minuenda
920 2031 966 2078 est

180 2120 243 2176 hnc
255 2120 361 2195 opinio.
404 2118 490 2176 Multi
511 2119 588 2176 euim
608 2118 684 2175 bella
704 2136 778 2193 saepe
791 2117 966 2192 quaesierunt

179 2228 293 2291 propter
313 2217 412 2293 gloriae
433 2216 636 2291 cupiditatem3
659 2225 743 2290 atquc
762 2214 791 2271 id
809 2215 838 2271 in
853 2213 966 2291 magnis

181 2314 284 2370 animis
306 2313 485 2390 ingeniisque
508 2313 675 2388 plerumque
697 2310 849 2387 contingit,
872 2329 966 2385 eoque

134 2418 166 2466 20
181 2410 282 2486 magis,
304 2410 329 2466 si
352 2420 418 2466 sunt
438 2409 473 2465 ad
494 2427 554 2466 rem
570 2408 721 2465 militarem
741 2407 808 2483 apti,
824 2416 853 2463 et
867 2406 966 2482 cupidi

181 2506 321 2562 bellorum
336 2504 534 2580 gerendorum.
576 2505 654 2561 Vere
676 2514 770 2561 autem
793 2504 817 2560 si
835 2503 967 2560 volumus

181 2600 318 2671 iudicare,
337 2599 433 2657 multae
453 2618 498 2658 res
520 2600 689 2658 exstiterunt
708 2602 824 2658 urbana
846 2600 968 2673 majores

182 2695 374 2770 clarioresque
387 2715 471 2770 quam
485 2696 605 2754 bellica.
645 2696 787 2758 Quamvis
801 2696 877 2752 cuim
888 2695 969 2751 The·

181 2791 326 2850 mistoclea
344 2792 407 2867 jure
427 2791 568 2865 laudetur,
583 2803 612 2850 et
626 2793 663 2850 sit
677 2793 738 2869 ejus
751 2810 866 2863 nomen,
881 2809 968 2866 quam

135 2898 168 2951 25
183 2887 308 2958 Solonis,
323 2888 471 2960 illustrius,
486 2889 647 2965 citcturque
665 2889 788 2946 Salamis
802 2887 970 2946 clarissimas

182 2983 263 3041 testis
276 2985 412 3058 victorin,
426 3005 490 3062 qun
505 2997 694 3062 anteponatur
704 2985 827 3043 consilio
840 2982 968 3054 Solonis,

183 3079 221 3152 ei,
236 3099 292 3155 quc
305 3081 429 3158 primum
443 3082 593 3142 constituit
611 3081 821 3161 Areopagitas3
842 3099 902 3141 non
915 3079 972 3140 rui·
