2167 3609
506 353 550 399 DE
570 352 717 399 omens.
927 351 968 410 [L.
979 351 999 396 1.

212 510 241 558 et
253 500 315 577 pari
329 518 396 559 cum
410 500 521 559 civibus
532 501 596 577 jure
607 501 711 571 vivere,
720 518 814 575 neque
822 498 998 556 submissum

211 608 240 655 et
255 598 406 674 abjectum,
421 618 514 673 neque
528 617 559 654 se
573 598 756 654 efferentem:
778 606 838 652 tum
854 596 883 652 in
896 596 999 670 repub-

210 694 269 751 liet
295 712 330 752 ea
351 695 433 765 velle,
456 714 518 770 quae
545 694 700 768 tranquille
726 703 755 749 et
779 694 900 749 honesta
920 692 995 748 sint:

211 791 297 847 talem
320 791 396 847 enim
417 801 446 847 et
466 791 573 848 sentire
597 790 703 847 bonum
725 789 829 858 civem,
849 798 879 845 et
898 788 998 844 dicere

179 886 345 948 5solemus.
385 885 534 962 Peregrini
563 895 657 942 autem
682 893 711 941 et
738 884 841 940 incolae
869 882 996 939 officium

211 992 264 1054 est,
279 982 349 1039 nihil
363 992 465 1057 praeter
487 1000 571 1038 suum
593 981 741 1057 negotium
764 999 858 1056 agere,
872 979 943 1036 nihil
958 978 997 1034 de

210 1077 306 1136 alieno
328 1078 488 1153 anquirere,
502 1077 677 1151 minimeque
699 1076 729 1133 in
753 1076 846 1133 alienis
868 1094 931 1132 esse
952 1093 997 1130 re·

210 1174 327 1250 publici
346 1175 500 1232 curiosum.
542 1172 589 1230 Ite
609 1173 669 1230 fere
690 1172 786 1229 officie
807 1172 994 1246 reperientur,

211 1289 277 1327 cum
298 1279 450 1344 queretur,
470 1269 538 1344 quid
561 1270 674 1339 deceat,
695 1278 724 1325 et
746 1268 815 1344 quid
840 1277 936 1345 aptum
957 1266 997 1323 sit

164 1353 201 1429 ltt¹
209 1366 347 1442 personis,
361 1365 548 1441 temporibus,
560 1365 699 1422 aetetibus.
741 1363 823 1421 Nihil
834 1373 877 1421 est
889 1373 996 1434 autern,

210 1461 287 1536 quod
297 1471 356 1518 tam
366 1460 477 1532 deceat,
488 1480 584 1535 quem,
599 1461 629 1518 in
643 1460 722 1518 omni
736 1479 767 1517 re
778 1459 915 1537 gerendi,
927 1477 997 1517 con·

210 1557 330 1631 silioque
344 1557 495 1633 cupiendo,
510 1576 623 1615 servare
638 1557 838 1615 constantiam.

249 1749 379 1808 XXXV.
401 1751 470 1823 Sed,
479 1752 614 1827 quoniam
629 1737 766 1808 decorum
778 1750 849 1807 illud
863 1750 893 1808 in
904 1750 997 1809 omni·

210 1846 263 1904 bus
283 1847 408 1905 fectinet
422 1848 517 1919 dictis,
532 1848 562 1904 in
584 1847 710 1923 corporis
729 1846 852 1922 denique
872 1858 951 1904 motu
966 1856 997 1904 ct

164 1949 195 2000 15
210 1953 297 2013 statu,
313 1944 449 2016 cernitur,
465 1944 551 2019 idque
564 1944 689 2019 positum
703 1955 746 2000 est
761 1943 790 2000 in
804 1943 896 2000 tribus
909 1944 997 2000 rebus

211 2037 409 2113 (formositate,
424 2040 534 2110 ordine,
549 2050 651 2098 ornatu
674 2039 709 2096 ed
733 2040 878 2097 actionem
901 2041 995 2119 epto),

210 2134 374 2194 difficilibus
386 2136 421 2193 ed
432 2136 622 2211 eloquendum
630 2135 694 2213 (sed
702 2135 771 2193 satis
777 2136 832 2193 erit
841 2136 980 2215 intelligi)
986 2157 995 2206 ;

210 2232 240 2290 in
255 2231 300 2291 his
315 2242 409 2290 nutem
423 2232 515 2290 tribus
529 2234 694 2290 continetur
709 2250 779 2289 cure
792 2233 878 2289 etiarn
893 2232 952 2303 illu,
964 2242 996 2290 ut

209 2329 360 2404 probemur
369 2328 414 2400 iis,
427 2329 609 2404 quibuscum,
621 2328 695 2403 apud
705 2346 842 2403 quosque,
852 2329 995 2399 vivamus3

163 2432 195 2483 20
211 2423 255 2481 his
269 2442 380 2500 quoque
394 2425 430 2481 de
445 2425 529 2481 rebus
542 2442 637 2504 pauca
650 2424 792 2482 dicantur.

249 2518 405 2593 Principio,
421 2521 548 2594 corporis
561 2520 651 2576 nostri
666 2539 800 2597 magnum
813 2532 916 2579 natura
933 2523 998 2598 ipss
1069 2507 1073 2516 „

210 2613 320 2671 videtur
331 2614 464 2671 habuisse
474 2615 615 2672 rationem
625 2636 632 2685 ;
654 2635 717 2691 quae
727 2617 845 2676 sormam
856 2628 995 2690 nostram,

210 2709 405 2783 reliquamque
419 2710 550 2787 figuram,
565 2711 594 2768 in
609 2712 664 2786 qud
679 2722 754 2770 esset
768 2713 879 2788 species
893 2713 996 2771 hones·

209 2814 249 2876 te,
273 2824 336 2863 enm
357 2807 451 2882 posuit
474 2807 502 2864 in
523 2818 675 2883 promptu:
700 2827 763 2883 quae
783 2820 878 2885 partes
899 2820 995 2868 sutem

163 2911 195 2963 25
211 2902 346 2979 corporis,
367 2902 402 2959 ed
422 2913 530 2961 naturae
551 2904 752 2964 necessitatem
773 2905 856 2976 dabae,
878 2906 997 2981 adspec-

210 3007 272 3055 tum
295 3008 390 3056 essent
413 2999 570 3057 deformem
599 2999 737 3057 habiturae
762 3011 847 3077 etque
870 3012 995 3078 turpem,

210 3111 259 3153 ecs
278 3095 405 3153 contexit
433 3106 516 3172 utque
538 3096 655 3154 abdidit.
697 3095 784 3155 Hane
804 3109 914 3158 nature
934 3108 997 3160 tum
