2167 3609
524 386 568 433 mr
585 385 730 433 currens.
937 384 979 446 [c.
990 385 1012 432 1.

286 535 302 562 “
313 532 411 582 Cedant
421 548 489 581 orme
499 539 579 598 togae:
596 534 716 582 concedat
727 533 811 581 laurea
823 532 939 597 [laudi.”]

225 632 264 690 Ut
285 634 361 690 enim
384 634 453 691 alios
474 635 614 706 omittam,
633 635 718 691 nobis
741 633 946 708 rempublicam
962 653 1018 710 gu·

226 728 422 799 bernantibus
444 749 540 786 nonne
562 741 636 806 togae
658 722 738 787 arma'
757 729 890 786 cesserel
917 748 1017 803 neque

225 825 302 881 enim
314 826 343 882 in
355 828 503 902 republicis
513 827 673 902 periculum
685 827 738 883 suit
750 827 864 902 gravius
876 845 1016 900 unquam,

195 933 281 981 5nec
306 924 396 999 majus
424 924 522 981 otium.
564 923 610 981 Ita
643 922 772 980 consiliis
805 922 1017 999 diligentirique

225 1020 322 1077 nostri
338 1021 468 1077 celeriter
489 1020 525 1076 de
546 1020 678 1077 manibus
700 1019 955 1076 audacissimorum
972 1018 1017 1076 ci·

226 1117 304 1173 vium
328 1117 444 1191 delapsa
467 1136 546 1173 arma
567 1117 629 1191 ipsa
651 1116 827 1173 ceciderunt.
868 1114 944 1176 Quae
966 1133 1017 1173 res

226 1213 312 1288 igitur
321 1224 402 1289 gesta
412 1232 535 1287 uuquam
549 1213 577 1269 in
591 1213 665 1269 bello
677 1213 775 1269 tantal
797 1211 845 1286 qui
853 1210 1017 1287 triumphus

227 1309 440 1368 conserendusl
472 1309 556 1365 Licet
570 1309 646 1366 enim
662 1308 742 1379 milri,
757 1307 858 1364 Marce
872 1308 922 1379 lili,
938 1309 1017 1383 apud

182 1415 212 1464 10
226 1417 255 1461 te
268 1404 394 1480 gloriari,
410 1405 445 1461 ad
460 1424 545 1479 quem
559 1416 588 1461 et
602 1405 752 1461 hareditas
767 1405 850 1481 hujus
864 1404 972 1480 gloriae‚
984 1413 1017 1461 et

227 1500 366 1557 factorum
383 1501 514 1572 imitatio,
529 1501 661 1575 pertinet.
704 1499 779 1557 Mihi
800 1500 914 1574 quidem
934 1509 1017 1558 certe

226 1596 268 1653 vir
293 1596 440 1653 abundans
464 1597 577 1654 bellicis
600 1597 744 1667 laudibus,
770 1596 824 1654 Cn.
847 1596 1016 1671 Pompeius,

227 1693 323 1749 multis
345 1694 537 1764 audientibus,
554 1694 609 1750 hoc
631 1693 740 1765 tribuit,
756 1703 787 1749 ut
808 1693 927 1764 diceret,
942 1692 1018 1749 frus-

226 1799 270 1845 tra
289 1808 320 1845 se
341 1790 515 1864 triumphum
540 1790 656 1846 tertium
681 1791 893 1865 deportaturum
914 1789 1016 1862 fuisse,

179 1904 212 1954 -15
228 1885 293 1956 nisi,
308 1905 373 1942 meo
395 1886 425 1942 in
449 1886 655 1961 rempublicam
676 1887 829 1956 beneficio,
844 1885 893 1943 ubi
916 1885 1018 1942 trium-

226 1983 336 2057 pharet,
360 1992 435 2038 esset
461 1983 619 2039 habiturus.
662 1983 736 2039 Sunt
758 2002 826 2059 ergo
848 1982 1017 2039 domesticae

228 2078 409 2135 fortitudines
423 2098 482 2135 non
497 2079 647 2136 inferiores
662 2079 847 2149 militaribus;
869 2078 1018 2154 inquibus

226 2174 291 2250 plus
305 2175 401 2246 etiam,
417 2193 501 2250 quam
522 2174 552 2232 in
573 2174 628 2246 his,
642 2193 735 2251 operae
750 2175 894 2250 studiique
907 2194 1019 2251 ponen-

227 2271 361 2329 domest.

180 2479 211 2528 20
266 2462 382 2520 XXIII.
407 2462 536 2520 Omnino
567 2463 637 2521 illud
671 2464 834 2536 honestum,
867 2464 945 2540 quod
979 2484 1020 2524 ex

228 2559 323 2615 animo
352 2559 466 2616 excelso
494 2560 706 2636 magnificoque
735 2561 897 2636 qurerimus,
926 2562 1020 2620 animi

227 2654 358 2726 efficitur,
390 2674 449 2712 non
480 2656 620 2730 corporis,
650 2657 768 2714 viribus.
810 2656 1019 2716 Exercendum

215 2760 322 2832 'tamen
338 2770 450 2826 corpus,
465 2763 493 2809 et
515 2752 555 2809 ita
576 2753 758 2811 afficiendum
779 2762 832 2824 est,
847 2762 878 2809 ut
896 2753 1019 2811 obedire

227 2847 347 2904 consilio
361 2848 520 2923 rationique
534 2850 624 2923 possit
635 2850 665 2907 in
676 2849 864 2925 exsequendis
878 2850 1017 2926 negotiis,

179 2950 211 2999 25
227 2951 256 2998 et
281 2943 309 2999 in
337 2944 434 3000 labore
461 2944 619 3003 tolerando.
661 2945 822 3003 Honestum
852 2955 946 3002 autern
974 2946 1018 3018 id,

184 3113 189 3120 ἱ
227 3039 303 3114 quod
327 3040 511 3114 exquirimus
535 3051 626 3099 totum
650 3051 694 3098 est
719 3042 845 3117 positum
870 3041 900 3099 in
925 3042 1018 3099 animi

227 3135 298 3195 curt
312 3145 342 3193 ct
355 3136 547 3214 cogitatione3
569 3138 599 3196 in
612 3157 668 3215 quo
681 3156 740 3197 non
753 3138 895 3198 minorem
908 3137 1019 3198 utilita-
