2167 3609
89 375 119 424 u.
128 373 161 436 1.1
343 371 349 379 ·
386 369 440 417 ou
463 369 610 420 orneris.
894 362 934 424 w

91 513 265 593 junctioque
292 516 461 590 servabitur,
486 518 520 592 si,
545 520 720 596 utquisque
743 520 798 579 erit
821 538 889 579 eon·

91 612 306 690 junotissimus,
329 613 369 671 ite
389 613 419 671 in
439 634 505 673 eum
526 616 712 693 benignitatis
732 617 887 693 plurimum

94 709 273 769 conferetur.
315 710 384 782 Sed,
397 730 460 785 que
470 713 573 769 nature
586 714 730 790 principio
742 715 799 772 sint
811 734 888 772 oom-

93 806 248 864 munitetis
267 815 297 864 et
318 807 464 865 societatis
484 809 628 881 humane,
648 812 835 886 repetendum
850 812 888 869 ul·

94 903 156 960 tius
167 902 291 960 videtur.
333 902 386 960 Est
406 904 482 962 enim
505 905 640 981 primum,
661 907 736 982 quod
760 908 917 975 cerniturs

95 999 128 1057 in
142 999 269 1057 universi
284 1000 397 1075 generis
411 1001 529 1059 humani
544 1004 699 1059 societate:
719 1003 782 1079 ejus
793 1014 888 1062 autem

95 1096 247 1154 vinculum
275 1106 319 1153 est
346 1097 420 1154 ratio
446 1107 476 1155 et
503 1098 613 1169 oratio;
645 1119 718 1174 quae,
746 1100 888 1173 docendo,

95 1193 247 1264 discendo,
256 1194 507 1267 communicando,
515 1187 716 1271 disceptando,
722 1196 888 1273 judicando,

96 1289 237 1350 uonoilist
252 1289 327 1348 iuter
341 1308 372 1347 se
385 1290 525 1359 homiues,
540 1293 747 1370 conjungitque
764 1293 888 1351 naturali

97 1387 224 1463 quisdam
237 1386 385 1444 societate.
427 1386 531 1464 Neque
552 1389 611 1446 ullt
629 1408 661 1446 re
677 1388 792 1466 longius
806 1391 888 1448 absu-
902 1393 934 1445 to

97 1502 162 1542 mus
183 1484 320 1541 anaturi
342 1483 476 1556 ferorum,
490 1484 521 1542 in
539 1485 644 1560 quibus
665 1486 759 1543 inesse
778 1486 888 1544 sortitu-

97 1580 198 1640 dinem
223 1598 298 1657 saepe
319 1580 452 1652 dicimus,
472 1580 555 1638 utin
576 1582 666 1657 equis,
687 1582 717 1640 in
737 1582 886 1653 leonibus;

95 1676 249 1753 justitiam,
272 1678 445 1751 equitatem,
470 1676 639 1748 bonitatem,
666 1697 726 1736 uon
753 1678 886 1737 dicimus.

98 1774 175 1831 Sunt
189 1773 267 1830 enim
281 1773 399 1831 rationis
413 1784 442 1831 et
456 1774 593 1832 orationis
607 1784 745 1851 expertes.

136 1870 187 1928 Ao
210 1869 350 1930 letissime
370 1870 485 1944 quidem
509 1881 611 1946 patens
630 1872 795 1930 horninibus
813 1872 934 1934 inter15

98 1965 187 2043 ipsos,
202 1965 338 2026 omnibus
350 1965 424 2024 inter
439 1984 549 2038 omnes,
560 1967 685 2025 societas
699 1968 762 2027 hmo
775 1980 835 2038 est;
857 1969 887 2027 in

98 2064 155 2139 qut
168 2062 301 2121 omnium
323 2079 514 2137 rerumquae
537 2063 572 2120 od
596 2081 779 2123 communem
801 2065 890 2124 homi·

99 2178 169 2217 num
185 2177 269 2217 usum
282 2168 386 2218 natura
398 2159 509 2236 genuit,
520 2168 565 2216 est
578 2161 718 2218 servando
731 2162 890 2219 communi·

99 2264 160 2326 tas3
183 2266 226 2327 ut,
241 2275 304 2332 quae
318 2256 464 2331 descripta
477 2265 543 2314 suut
557 2254 669 2330 legibus
682 2266 712 2312 et
722 2256 786 2331 jure
801 2255 888 2326 cirili,

99 2352 163 2412 heo
178 2353 220 2410 ite
239 2362 402 2425 teneantur,
415 2362 448 2410 ut
470 2351 508 2409 sit
529 2351 733 2409 constitutum:
755 2351 890 2426 equibus
903 2368 935 2419 ω

100 2449 171 2526 ipsis
193 2459 301 2506 oaetero
328 2448 371 2506 sio
394 2450 591 2519 observentur,
613 2457 645 2505 ut
669 2447 699 2505 in
721 2448 890 2506 Graeoorum

99 2546 253 2622 proverbio
267 2554 321 2617 est,
336 2545 537 2603 “Amicorum
559 2564 622 2604 esse
644 2546 742 2603 omnia
763 2564 891 2604 eommu-

100 2642 179 2701 uie.”
214 2640 323 2700 Omnia
337 2651 431 2700 eutem
453 2640 618 2701 eommunis
631 2642 780 2701 hominum
794 2643 891 2700 viden-

100 2748 147 2797 tur
169 2757 215 2810 ea,
228 2757 293 2814 que
314 2747 382 2797 sunt
401 2739 517 2817 generis
540 2739 612 2815 ejus,
628 2739 715 2813 quod,
738 2740 773 2797 eb
792 2738 891 2797 Ennio

100 2835 227 2913 positum
240 2834 272 2894 in
286 2836 346 2894 unt
359 2851 401 2907 re,
416 2835 562 2895 transferri
577 2836 607 2894 iu
621 2835 726 2893 multas
738 2844 842 2912 potest.
903 2848 936 2899 25

164 2985 181 3014 “
191 2981 285 3045 Homo,
297 2982 339 3045 qui
349 2983 441 3031 ementi
452 2983 556 3031 comiter
566 2988 687 3030 monstret
698 2982 773 3044 viem,

190 3062 270 3121 Quasi
282 3062 368 3112 lumen
379 3063 410 3111 do
421 3079 467 3111 suo
477 3063 573 3112 lumine
584 3063 712 3124 accendat,
722 3062 797 3111 fouit.

93 3167 95 3171 ⁴
190 3140 362 3195 unionum
371 3144 420 3210 ipsi
429 3143 507 3207 lueet,
515 3142 800 3194 oumilliueeeuderit.”
