2167 3609
128 299 170 383 ta
441 325 485 377 oo
503 325 652 377 oureus.
893 323 962 389 [na

175 477 209 537 L.
224 476 353 551 Luculli,
364 479 469 536 summi
489 479 553 550 viri,
567 479 701 536 virtutem
719 475 805 551 quisl
826 486 855 534 at
874 493 961 551 quam

174 576 256 634 multi
288 576 419 634 villarum
455 574 699 651 magnificentiam
736 574 839 631 imitati
876 573 959 630 sunt!

173 690 293 748 quarum
319 672 434 746 quidem
461 679 540 729 certe
565 669 818 730 astachibendus
848 670 960 739 modus,

174 768 210 826 od
236 768 519 842 mediocritatemque
553 766 738 825 revocandus.
792 766 961 841 Eademque

143 863 357 922 dmediooritas
392 863 428 921 ad
462 879 546 920 usum
568 863 746 937 cultumque
772 862 836 919 vitae
869 873 961 919 trans-

174 959 292 1018 ferenda
303 970 354 1018 est.
396 960 453 1017 Sed
469 960 531 1017 haee
546 958 694 1016 hacteuus.

212 1054 247 1114 In
258 1054 337 1116 omui
349 1065 444 1114 autern
453 1055 567 1113 actione
576 1054 771 1130 suscipienda,
778 1055 835 1112 tria
842 1065 908 1112 sunt
918 1065 961 1112 te«

173 1152 284 1223 nende3
302 1153 478 1228 primum,ut
492 1151 633 1228 appetitus
647 1151 752 1209 rationi
765 1161 863 1227 pereat
871 1172 878 1221 ;
900 1170 960 1226 quo

172 1248 244 1306 nihil
261 1259 304 1305 est
318 1249 354 1305 ad
367 1248 465 1305 officia
478 1247 676 1305 conservanda
696 1247 957 1306 accommodatius:

127 1351 160 1402 ld
173 1343 287 1416 deinde,
309 1354 342 1401 ut
364 1343 614 1416 animadvertatur,
638 1354 745 1418 quanta
765 1344 814 1402 illa
840 1361 886 1402 rea
910 1344 958 1415 sit,

173 1457 258 1515 quam
284 1440 398 1498 efficere
425 1440 562 1509 velimus3
596 1450 628 1498 ut
661 1459 733 1497 neve
759 1441 850 1516 major
884 1457 959 1497 neve

172 1536 266 1594 minor
293 1555 364 1594 eura
390 1546 419 1593 et
440 1554 528 1612 opera
555 1536 737 1612 suscipiatur,
757 1556 842 1611 quarn
870 1556 960 1595 causa

171 1632 313 1708 postulet:
347 1633 462 1690 tertium
489 1642 544 1703 est,
573 1630 618 1708 [ut
650 1635 825 1712 caveamus]
853 1644 885 1690 ut
911 1651 957 1705 ea,

172 1745 235 1803 quaa
255 1730 398 1805 pertinent
419 1729 454 1787 ad
474 1729 622 1786 liberalem
643 1728 768 1804 speciem
788 1739 817 1787 et
835 1729 960 1806 dignita-

126 1837 158 1889 1‘5
172 1834 241 1896 tem,
255 1825 403 1884 moderata
421 1826 487 1884 sint.
529 1825 636 1883 Modus
656 1836 750 1883 autem
765 1836 807 1884 est
821 1827 957 1901 optimus,

172 1920 262 1979 decus
282 1921 374 1998 ipsura
394 1932 502 1993 tenere,
522 1923 560 1980 de
580 1940 637 1996 quo
659 1933 724 1979 tute
747 1922 880 1994 diximus,
901 1942 958 1980 neo

171 2018 306 2095 progredi
324 2017 455 2096 longius.
510 2018 623 2076 Horum
650 2028 746 2078 tamen
772 2019 859 2075 trium
887 2037 959 2095 prae·

172 2113 377 2172 acutissimum
397 2124 450 2187 est,
465 2115 621 2191 appetitum
634 2112 830 2190 obtemperare
844 2116 957 2174 rationi.

210 2304 274 2363 XL.
296 2304 442 2382 Deinceps
464 2306 500 2363 de
513 2304 615 2363 ordine
628 2325 734 2378 rerum,
748 2317 777 2363 et
795 2316 957 2384 temporum

123 2411 157 2461 ll]
172 2402 393 2476 opportunitate,
409 2402 564 2459 dicendum
581 2411 632 2460 est,
674 2402 740 2460 Hac
755 2415 849 2460 autem
863 2404 958 2461 scien·

171 2495 214 2553 tit
234 2496 398 2554 continetur
419 2515 463 2567 ea,
486 2516 570 2572 quam
592 2498 687 2554 Graeoi
708 2501 846 2560 Εὐταξίαν
865 2500 958 2557 nomi·

171 2600 251 2661 nant,
266 2608 324 2647 non
345 2590 417 2663 heo,
434 2611 519 2667 quarn
539 2593 758 2669 interpretamur
777 2595 957 2661 modestiam:

172 2701 230 2761 qno
244 2686 273 2743 in
287 2688 374 2744 verbo
394 2690 495 2747 modus
515 2689 607 2747 inest:
629 2691 680 2748 sed
701 2691 749 2749 illa
769 2701 813 2749 est
833 2693 957 2764 εὐταξία,

172 2780 202 2839 in
220 2783 277 2857 qual
297 2782 465 2862 intelligitur
485 2783 595 2844 ordinis
615 2788 803 2847 conservatio.
844 2786 957 2864 Itaque,

124 2881 156 2935 lb
172 2885 205 2934 ut
245 2879 366 2937 eandem
400 2895 454 2938 not
488 2881 658 2939 modestiam
694 2883 877 2959 appellemus,
912 2883 958 2941 sic

171 2972 305 3033 defluum
338 2993 355 3036 a
383 2977 501 3050 Stoicis,
528 2986 560 3037 ut
592 2979 732 3037 modestia
765 2979 802 3040 sit
834 2979 960 3038 scientia

172 3084 271 3131 aarum
295 3087 401 3148 rerum,
419 3094 485 3151 qne
507 3085 630 3153 agentur
653 3086 703 3135 aut
725 3076 869 3149 dicentau,
889 3076 960 3161 loco
