2167 3609
152 321 193 380 56
484 327 688 377 nuossrcus.
912 331 954 391 [a.
965 330 985 378 1.

196 476 267 535 illud
280 480 382 551 poetas
396 476 531 550 dicimus,
546 479 622 554 quod
642 478 755 551 deceat,
768 496 836 537 oum
850 478 890 551 id,
905 480 985 555 qnod

197 573 309 648 quique
322 575 446 648 personat
460 574 580 651 dignum
593 585 647 647 est,
661 586 690 633 et
700 575 741 648 fit,
753 585 781 633 et
795 575 919 634 dicitur:
941 586 984 649 ut,

196 670 221 727 si
235 670 345 728 AEacus
360 680 408 728 ant
422 669 521 729 Minos
535 671 656 744 diceret,

351 786 366 813 “
376 782 490 846 Oderint,
501 784 562 832 dum
572 790 686 833 metuant
695 785 719 833 :”

167 871 257 937 taut,

351 965 367 991 ‘¹
377 961 449 1011 Natis
460 961 575 1025 sepulcro
584 962 637 1025 ipse
647 967 688 1010 est
697 976 787 1025 parens
796 962 820 1010 :''

197 1059 364 1120 indecorum
379 1062 522 1118 videretur
532 1082 540 1131 ;
562 1061 637 1135 qnod
656 1079 706 1118 eos
726 1062 814 1119 suisse
831 1063 923 1138 justos
938 1082 986 1121 ac·

197 1157 334 1232 cepimus.
373 1158 424 1228 At,
435 1158 527 1215 Atreo
538 1158 664 1229 dicente,
675 1159 792 1233 plausus
802 1159 983 1218 excitantur:

197 1264 241 1310 est
254 1254 331 1310 enim
343 1253 431 1329 digna
443 1255 566 1328 personat
581 1256 681 1312 oratio.
723 1255 782 1312 Sed
795 1259 899 1331 potitae,
914 1256 984 1331 quid

154 1356 185 1406 10
198 1367 339 1423 quemque
353 1349 465 1420 deceat,
480 1368 516 1406 ex
529 1352 651 1426 persont
666 1351 846 1427 judicabunt.
887 1351 984 1409 Nobis

198 1454 293 1503 autem
301 1464 453 1520 personam
464 1446 602 1521 imposuit
612 1448 675 1523 ipsa
685 1458 795 1518 natura,
801 1449 906 1524 magnai
915 1467 984 1505 cum

197 1541 595 1618 excellentiipraestantiique
603 1544 789 1601 animantium
797 1544 983 1618 reliquarum,

196 1638 348 1700 Quocirca
360 1643 464 1714 po'e'tae,
479 1640 509 1697 in
524 1641 629 1717 magnai
639 1641 776 1698 varietate
785 1659 983 1715 personarum.

197 1734 284 1791 etiarn
299 1734 408 1792 vitiosis
426 1736 494 1811 quid
516 1737 678 1808 conveniat,
693 1738 801 1812 etquid
815 1738 929 1809 deceat,
944 1738 985 1795 vi·

154 1832 185 1881 15
197 1829 322 1887 debunt:
344 1830 428 1887 nobis
443 1841 537 1888 autem
553 1850 630 1904 cum,
645 1851 662 1888 a
676 1832 788 1903 saturi,
803 1833 984 1905 constantias,

197 1925 413 1998 moderationis,
441 1928 645 2003 temperantiae,
673 1927 853 2004 verecundie
886 1943 984 2005 partes

198 2022 271 2080 datas
292 2022 365 2093 sint3
395 2042 518 2098 cumque
545 2024 645 2081 eadem
666 2035 768 2081 natura
788 2024 901 2097 doceat,
922 2045 983 2083 uon

197 2118 355 2196 negligere,
369 2120 610 2195 quemadmodum
630 2139 684 2177 nos
703 2120 837 2178 adversus
850 2120 985 2180 homines

197 2233 346 2291 geramus3
368 2217 501 2288 efficitur,
515 2227 548 2273 ut
567 2227 597 2274 et
617 2217 697 2288 illud,
712 2217 789 2291 quod
811 2217 846 2274 ad
866 2236 984 2276 omnem

153 2312 185 2363 Ἄ)
198 2310 377 2371 honestatem
396 2314 530 2388 pertinet,
546 2314 693 2384 decorum,
708 2332 793 2388 qnam
813 2313 870 2371 late
887 2315 984 2372 fusum

197 2409 244 2478 sit,
260 2418 409 2484 appareat;
430 2420 459 2466 et
473 2409 539 2480 hoc,
555 2409 631 2483 quod
652 2420 796 2485 spectatur
811 2410 840 2467 in
855 2429 985 2486 unoquo·

197 2520 254 2577 que
268 2521 373 2579 genere
387 2503 508 2560 virtutis.
550 2504 590 2561 Ut
599 2505 677 2561 euim
687 2505 872 2580 pulchritudo
883 2526 987 2582 corpo-

197 2599 238 2654 ris
252 2598 317 2673 apta
331 2599 541 2673 compositione
556 2602 747 2658 membrorum
762 2612 857 2659 movet
870 2603 984 2675 oculos,

198 2703 228 2750 et
240 2693 364 2751 delectat
378 2693 434 2752 hoc
448 2695 518 2770 ipso,
533 2697 608 2771 quod
629 2697 703 2754 inter
723 2716 755 2755 se
775 2716 875 2755 omnes
887 2709 985 2774 partes

153 2795 185 2845 25
199 2807 265 2846 cum
286 2791 409 2865 quodam
429 2791 526 2867 lepore
547 2794 749 2864 consentiunt3
771 2794 814 2850 sic
828 2793 884 2851 hoo
899 2796 986 2853 deco-

198 2902 271 2954 rum,
286 2886 362 2960 quod
383 2888 479 2946 elucet
500 2888 529 2945 in
549 2889 617 2960 vitri,
631 2900 727 2948 movet
747 2889 985 2965 approbationem

198 2998 298 3038 sorum
319 2982 490 3056 quibuscum
505 2985 617 3052 vivitur,
634 2985 745 3058 ordine,
759 2995 789 3043 et
809 2987 984 3059 constantii,

197 3086 229 3135 et
237 3077 433 3139 moderatione
444 3080 587 3139 dictorum
596 3081 725 3142 omnium
736 3092 821 3157 atque
830 3081 983 3143 sactorum.
1012 3161 1015 3166 ⁴
