2167 3609
114 391 210 451 nrm]
401 392 445 439 ne
466 392 612 439 osricus.
893 380 949 438 169

116 541 196 598 venit
214 540 342 599 Canius:
364 542 480 618 opipare
495 561 511 599 a
524 541 629 617 Pythio
650 550 815 617 apparatura
835 557 905 597 con·

116 638 240 696 virium:
263 640 429 715 cymbarum
451 649 517 696 ante
537 637 638 695 oculos
659 637 829 695 multitudo:
853 656 905 713 pro

115 753 148 791 se
168 735 299 808 quisque,
319 735 396 809 quod
417 744 542 810 ceperat,
558 734 709 791 afferebat:
732 734 905 809 antepedes
938 789 942 796 ,

115 829 213 906 Pythii
227 832 323 906 pisces
338 831 554 908 abjiciebantur.

156 926 236 983 Tum
263 927 383 998 Canius,
406 927 527 998 Quaeso,
549 926 650 1002 inquit,
672 925 740 1001 quid
767 935 812 983 est
838 926 936 996 hoc,5

116 1022 223 1098 Pythii
243 1033 393 1081 tantumne
406 1024 540 1100 piscium,
555 1033 705 1081 tantumne
719 1022 905 1097 cymbaruml

116 1119 156 1175 Et
183 1119 242 1190 ille,
261 1118 344 1181 Quid
372 1120 496 1177 miroml
523 1119 624 1194 inquit.
666 1117 733 1175 Hoc
760 1118 826 1174 loco
852 1127 904 1188 est,

117 1202 270 1290 Syracusis
293 1215 433 1291 quidquid
454 1226 497 1273 est
516 1215 656 1290 piscium:
683 1215 747 1271 haec
775 1213 905 1290 aquatio:

116 1310 173 1368 hac
201 1311 267 1368 villt
295 1312 341 1368 isti
370 1330 469 1369 carere
496 1330 555 1368 non
581 1321 709 1387 possunt.
764 1310 906 1368 Incensus

116 1407 228 1465 Canius
256 1407 422 1483 cupiditate,
444 1408 594 1465 contendit
615 1427 631 1465 a
651 1408 764 1483 Pythio,
786 1418 817 1465 ut
840 1411 953 1464 ven-10

116 1504 208 1561 deret.
249 1504 373 1561 Gravate
388 1503 435 1560 ille
448 1504 549 1579 primo.
589 1503 672 1565 Quid
691 1503 799 1560 multal
820 1503 907 1579 impe-

116 1609 190 1657 trat:
224 1600 294 1657 emit
327 1601 414 1656 homo
448 1600 570 1675 cupidus
597 1610 626 1657 et
657 1598 795 1674 locuples,
822 1598 905 1669 tanti,

116 1697 217 1770 quanti
233 1695 354 1771 Pythius
367 1695 456 1752 voluit
464 1716 472 1765 ;
494 1705 523 1751 et
536 1696 607 1754 emit
621 1696 793 1753 instructos:
815 1693 907 1751 nomi-

117 1811 159 1848 na
185 1791 270 1849 lacit:
304 1791 452 1868 negotium
480 1792 605 1850 conficit.
658 1791 765 1849 Invitat
797 1791 908 1849 Canius

117 1889 256 1964 postridie
283 1889 437 1947 familiares
464 1907 540 1946 suos.
581 1889 670 1947 Venit
697 1889 759 1964 ipsc
785 1898 905 1946 mature.
924 1889 955 1938 15

118 1985 268 2042 Scalmum
295 1985 405 2042 nullum
432 1986 518 2043 videt.
571 1985 685 2047 Quaerit
711 2005 746 2043 ex
776 1985 907 2061 proximo

117 2081 227 2153 vicino,
248 2100 317 2138 num
338 2082 416 2138 feriae
441 2082 570 2156 quaedam
596 2080 772 2156 piscatorum
800 2089 906 2150 essent,

117 2178 196 2252 quod
217 2196 268 2235 eos
287 2177 380 2235 nullos
400 2178 517 2234 videret.
553 2175 653 2245 ,Nulla
675 2174 766 2252 (quod
790 2176 906 2253 sciam),

118 2273 213 2350 inquit
234 2273 298 2330 ille:
319 2275 368 2330 sed
391 2273 439 2331 hic
459 2271 565 2348 piscari
585 2271 656 2328 nulli
677 2270 787 2327 solent:
812 2271 909 2345 itaque

119 2369 183 2428 heri
204 2371 338 2443 mirabar,
357 2370 425 2445 quid
447 2368 609 2427 accidisset.
651 2366 834 2425 Stomachari
854 2366 910 2423 Ca·
925 2376 957 2425 20

118 2468 195 2525 nius.
239 2468 296 2525 Sed
318 2467 386 2542 quid
407 2467 534 2523 faceretl
561 2460 787 2522 nondum'enim
809 2462 910 2538 Aquil-

118 2563 187 2634 lius,
209 2564 322 2640 collega
349 2574 378 2621 et
405 2562 552 2620 familiaris
578 2582 668 2632 meus,
689 2561 846 2637 protulerat
872 2559 909 2616 de

119 2661 190 2718 dolo
210 2661 287 2717 malo
307 2661 460 2718 formulas:
482 2663 511 2717 in
533 2660 637 2734 quibus
657 2659 725 2734 ipsis
744 2676 810 2714 curn
825 2675 910 2713 exeo

120 2768 307 2832 quereretur,
327 2757 411 2819 Quid
430 2766 506 2813 esset
526 2756 608 2812 dolus
628 2754 735 2823 malus;
758 2754 911 2829 responde·

121 2854 181 2925 bat,
203 2854 279 2910 Cum
300 2863 375 2909 esset
400 2852 476 2910 aliud
504 2852 677 2920 simulatum,
700 2850 776 2906 aliud
804 2859 908 2907 actum.
926 2856 958 2905 25

121 2949 191 3007 Hoc
224 2950 341 3025 quidem
371 2967 440 3005 sane
473 2948 643 3018 luculenter,
672 2956 703 3003 ut
731 2947 766 3003 ab
792 2946 911 3003 homine

119 3048 216 3125 perito
239 3046 405 3104 definiendi.
456 3045 535 3122 Ergo
556 3055 585 3101 et
607 3043 735 3119 Pythius,
758 3054 787 3100 et
810 3060 911 3099 omnes

122 3144 202 3203 aliud
219 3153 347 3222 agentes,
363 3141 439 3199 aliud
461 3140 637 3211 simulantes,
651 3140 762 3215 perfidi,
777 3135 910 3213 improbi,

362 3239 399 3294 15
