2167 3609
139 342 178 403 92
473 350 517 399 nu
536 351 681 399 orsrcns.
889 348 972 411 [um

184 509 277 560 totum
296 500 461 578 reipublice
481 501 602 573 tradidi3
629 511 740 559 tantum
759 508 821 558 erat
845 499 973 575 philoso-

185 598 260 674 phiae
286 597 355 669 loci,
382 608 520 673 quantum
551 599 730 675 superfuerat
757 597 914 654 amicorum
940 606 972 654 et

186 694 351 769 reipublice
378 695 561 770 temporibus.
604 693 639 751 Id
667 689 762 751 autem
789 711 875 750 omne
901 711 972 751 con·

186 791 350 848 sumebatur
377 790 408 848 in
434 791 576 869 legendo:
609 789 755 848 scribendi
787 790 878 848 otium
910 807 972 848 non

154 892 255 945 oerat.

225 1081 264 1140 11.
286 1080 422 1139 Maxima
441 1056 580 1159 iniuria
600 1081 693 1153 mais,
708 1080 765 1138 hoc
784 1089 881 1138 amen
900 1079 972 1138 aaut

187 1178 312 1235 assecuti
325 1178 464 1249 videmur,
479 1187 511 1234 ut
524 1196 560 1234 ea
571 1176 662 1234 literis
682 1177 892 1248 mandaremus,
907 1195 972 1251 qum

186 1292 242 1330 nec
262 1274 330 1331 satis
351 1283 432 1331 erant
449 1285 517 1331 nota
529 1273 644 1345 nostris,
659 1283 688 1330 et
701 1282 783 1330 erant
804 1272 973 1349 cognitione

187 1369 362 1446 dignissima.
410 1369 494 1430 Quid
514 1381 558 1428 est
578 1370 656 1427 enim
677 1368 741 1446 (per
762 1369 871 1447 Deosl)
893 1378 974 1445 opta·

142 1469 173 1518 10
188 1464 273 1522 bilius
293 1465 453 1542 sapientidl
474 1465 542 1540 quid
560 1466 759 1541 praestantiusl
779 1464 848 1540 quid
861 1464 973 1522 homini

128 1567 130 1576 ‘
187 1560 309 1619 meliusl
329 1562 396 1636 quid
417 1561 533 1619 homine
547 1561 681 1638 digniusl
722 1560 808 1619 Hanc
823 1560 910 1637 igitur
922 1560 973 1635 qui

187 1667 333 1733 expetunt,
347 1658 509 1733 philosophi
525 1658 725 1727 nominantur3
746 1656 973 1731 necquidquam

189 1753 265 1811 uliud
286 1764 329 1811 est
348 1753 537 1830 philosophia,
552 1754 577 1810 si
597 1753 776 1829 interpretari
790 1753 870 1825 velis,
885 1771 973 1828 quam

188 1850 314 1906 studiurn
341 1850 496 1925 sapientiae.
538 1849 687 1926 Sapientia
709 1858 802 1907 autem
824 1858 868 1905 est
889 1847 974 1925 (uta

143 1946 330 2007 lavatoribus
349 1946 526 2022 philosophis
547 1945 696 2003 delinitum
716 1945 774 2024 est)
789 1963 884 2002 rerum
902 1943 974 2001 divi·

188 2061 290 2101 narum
309 2053 338 2101 et
358 2043 557 2113 humanarum,
576 2059 783 2116 causarumque
803 2040 907 2115 quibus
927 2041 972 2098 har

187 2155 234 2196 res
261 2139 454 2211 continentur,
482 2138 619 2207 scientia;
655 2137 737 2213 cujus
770 2135 895 2195 studium
922 2136 973 2211 qui

187 2236 337 2311 vituperat,
352 2236 429 2294 haud
442 2254 511 2293 sane
530 2234 670 2310 intelligo,
684 2234 819 2309 quidnam
833 2232 879 2305 sit,
894 2232 972 2307 quod

187 2331 361 2390 laudandum
374 2341 463 2407 putet.
504 2329 592 2401 Nam,
603 2330 663 2387 sive
673 2329 827 2387 oblectatio
837 2328 973 2403 quaeritur

141 2438 173 2488 20
189 2428 286 2498 animi,
308 2428 475 2502 requiesque
496 2444 647 2496 curarum;
675 2445 737 2501 quae
758 2425 882 2483 conferri
903 2442 973 2482 cum

187 2540 288 2580 eorum
308 2521 409 2578 studiis
429 2530 532 2596 potest,
547 2521 597 2595 qui
617 2539 728 2597 semper
750 2519 855 2595 aliquid
874 2519 975 2594 anqui-

187 2627 264 2688 runt,
284 2617 359 2692 quod
382 2627 491 2693 spectet
511 2627 540 2674 et
560 2617 652 2674 valeat
676 2617 710 2674 ad
735 2617 809 2673 bene
832 2616 974 2690 beateque

188 2713 359 2771 vivenduml
413 2714 481 2771 Sive
507 2713 581 2771 ratio
608 2712 777 2770 constantia
803 2711 973 2786 virtutisque

188 2807 318 2879 ducitur3
348 2819 397 2868 aut
425 2810 488 2868 haec
512 2829 557 2868 ars
583 2819 637 2881 est,
665 2819 713 2867 aut
739 2808 819 2866 nulla
841 2807 973 2879 omnino,

141 2917 174 2967 25
188 2921 238 2979 per
271 2923 356 2979 quam
380 2899 438 2963 ‘eas
471 2924 664 2981 assequamur.
722 2905 839 2963 Nullam
873 2903 975 2961 dicere

188 2999 374 3058 maximarum
394 3020 490 3059 rerum
511 3012 601 3059 artem
614 3021 687 3073 esse,
702 3020 768 3059 cum
789 2999 974 3058 minimarum

188 3094 251 3154 sius
278 3104 338 3156 arte
363 3097 443 3157 nulla
468 3098 515 3171 sit,
538 3097 687 3157 hominum
713 3107 758 3156 est
778 3114 880 3175 parum
903 3113 975 3155 con·
