2167 3609
135 329 174 392 16
455 340 498 389 nu
519 339 665 386 ormons.
893 329 935 390 [1.
947 332 969 378 1.

179 487 333 566 propositae
353 498 419 545 1111
440 488 475 545 ad
492 506 541 545 eas
554 505 600 544 res
613 485 754 562 parandas
775 484 967 559 tuendasque,

180 585 284 661 quibus
299 586 375 642 actio
389 585 453 642 vitae
469 585 652 641 continetur:
676 593 708 641 ut
729 592 758 639 et
778 581 901 638 societas
916 581 968 636 ho-

179 682 291 758 minum
312 682 536 757 conjunctioque
558 690 694 750 servetur,
715 689 744 736 et
765 678 852 735 animi
872 677 983 735 excel.

179 777 271 834 lentia
290 777 526 854 magnitudoque,
549 795 615 832 cnm
637 775 667 832 in
691 775 829 851 augendis
852 774 966 849 opibus,

148 874 411 948 sutilitatibusque
431 883 460 930 et
481 873 536 930 sibi
557 883 585 930 et
606 872 665 929 suis
679 871 889 947 comparandis,
903 880 966 927 turn

180 971 271 1028 multo
295 969 387 1047 magis
409 969 439 1027 in
462 970 510 1026 his
530 968 599 1044 ipsis
622 968 825 1044 despiciendis,
842 967 965 1024 eluceat.

178 1065 261 1125 Ordo
284 1077 390 1138 autem,
410 1077 438 1123 et
461 1065 632 1136 constantia,
647 1075 675 1122 et
697 1064 865 1135 moderatio,
880 1073 909 1120 11
931 1082 967 1121 11

178 1174 323 1239 quaesunt
343 1163 388 1220 his
408 1162 522 1233 similia,
537 1172 685 1219 versantur
704 1161 734 1217 in
748 1179 783 1217 eo
797 1179 912 1237 genere,
929 1160 965 1216 ad

178 1259 256 1333 quod
281 1258 444 1316 adhibenda
463 1268 507 1314 est
528 1258 604 1315 actio
624 1258 765 1333 quadam,
786 1277 844 1314 non
872 1257 966 1314 solum

133 1355 283 1422 lomentis
305 1354 431 1431 agitatio.
473 1354 528 1412 His
553 1355 630 1412 enim
650 1356 745 1425 rebus,
761 1374 824 1428 quae
842 1363 967 1411 tractan-

178 1461 224 1509 tur
240 1451 269 1508 in
283 1451 351 1523 virt,
363 1452 480 1508 modurn
492 1451 637 1526 quendam
647 1461 676 1508 et
687 1450 817 1508 ordinem
830 1450 967 1508 adhiben-

178 1558 232 1621 tes,
247 1548 427 1606 honestatem
440 1558 469 1605 et
483 1548 574 1606 decus
588 1548 831 1605 conservabimus.

218 1739 270 1798 VI.
299 1739 345 1799 Ex
365 1750 488 1816 quatuor
509 1750 607 1798 111111
620 1740 703 1813 locis,
718 1741 748 1797 in
765 1760 837 1815 quos
851 1742 964 1799 honesti

178 1846 311 1894 naturam
322 1837 435 1912 vimque
445 1836 603 1909 divisimus,
615 1838 724 1912 primus
735 1837 793 1910 ille,
805 1838 892 1913 quiin
904 1839 964 1896 veri

132 1945 165 1999 15
180 1932 348 2010 cognitione
375 1933 517 2005 consistit,
542 1934 665 1992 maxime
692 1945 823 1992 naturam
851 1935 965 2012 attingit

179 2029 344 2089 humanam.
385 2030 496 2088 Omnes
520 2030 598 2087 enim
622 2032 761 2089 trahimur
783 2042 811 2088 et
832 2032 964 2090 ducimur

179 2125 216 2183 ad
238 2126 414 2203 cognitionis
434 2136 463 2183 11
483 2126 612 2185 scientiae
637 2128 841 2203 eupiditatem3
864 2129 892 2185 in
907 2129 964 2203 qud

179 2222 322 2280 excellere
334 2223 488 2300 pulchrum
501 2233 653 2300 putamus:
673 2223 732 2282 labi
744 2235 849 2296 autem,
859 2244 962 2297 errare,

179 2320 303 2391 nescire,
318 2320 423 2396 decipi,
438 2331 467 2377 et
481 2322 589 2377 malum
602 2330 631 2378 et
644 2330 727 2395 turpe
748 2321 888 2378 ducimus.
928 2321 963 2377 In

132 2421 164 2472 20
179 2413 236 2471 hoc
250 2433 367 2491 genere,
382 2425 411 2471 et
431 2416 555 2471 naturali
575 2425 604 2472 et
625 2416 755 2487 honesto,
770 2416 827 2473 duo
841 2418 911 2476 vitia
925 2418 964 2478 vi·

178 2509 268 2567 tanda
291 2519 375 2578 sunt3
406 2528 506 2579 unum,
528 2529 566 2566 ne
591 2510 741 2586 incognita
760 2530 813 2586 pro
840 2514 964 2591 cognitis

179 2603 346 2675 habeamus,
374 2603 475 2678 hisque
508 2613 618 2661 temere
648 2607 853 2666 assentiamur:
887 2610 963 2684 quod

178 2700 278 2758 vitium
300 2700 427 2776 effugere
448 2700 498 2775 qui
521 2701 607 2773 volet,
630 2701 745 2774 (omnes
775 2713 869 2761 autern
891 2705 963 2763 velle

179 2796 299 2876 debent)
316 2797 472 2870 adhibebit,
489 2798 524 2856 ad
545 2799 768 2857 considerandas
782 2818 837 2871 res,
852 2810 881 2858 et
894 2811 963 2860 tern-

131 2918 164 2970 95
178 2911 233 2969 pus
254 2903 283 2951 et
304 2893 491 2970 diligentiam.
533 2895 666 2952 Alterum
688 2906 732 2954 111
753 2896 863 2969 vitium,
887 2898 962 2972 quod

180 2988 296 3065 quidam
310 2989 396 3047 nimis
410 3010 547 3067 magnum
561 2993 687 3050 studium
699 2994 879 3069 multamque
898 3012 962 3069 ope·

178 3099 241 3141 11111
261 3081 293 3142 iu
314 3100 362 3141 res
382 3083 520 3142 obscuras
541 3093 626 3159 atque
649 3084 781 3147 difficiles
801 3086 959 3157 conserunt,
