2167 3609
101 350 129 398 L.
140 347 174 408 l·]
408 349 452 399 nt:
471 348 618 402 omens
903 338 944 398 2⁹

104 502 240 560 conditio
261 511 291 559 et
311 500 425 561 fortuna
437 519 604 560 serrorum:
624 498 737 577 quibus,
750 517 808 559 non
822 498 898 558 malo

104 599 290 676 praecipiunt,
312 598 360 674 qui
387 598 428 656 ita
448 598 552 674 jubent
570 597 623 670 uti,
644 607 676 655 ut
694 596 896 669 mercenarii„

103 713 223 771 operam
238 693 419 772 exigendam,
432 694 509 772 justa
521 695 683 771 praebenda

144 792 224 848 Cum
247 803 344 850 autent
366 792 477 849 duobus
497 791 599 862 modis,
618 790 648 847 id
669 799 723 862 est,
738 800 786 849 aut
800 788 828 848 vi
849 799 897 850 aut

105 888 219 959 fraude,
240 888 290 945 liat
314 887 438 964 injuria;
459 888 547 959 fraus,
569 887 651 962 quasi
664 887 830 964 vulpeculas,
844 886 928 960 vis,5

104 985 199 1041 leonis
214 984 345 1042 videtur:
367 995 518 1060 utrumque
537 983 654 1042 homine
675 982 897 1042 alienissimum:

107 1081 160 1137 sed
175 1081 251 1138 lraus
264 1080 332 1137 odio
353 1081 441 1159 digua
460 1080 576 1156 majore.
617 1078 724 1138 Totius
744 1088 839 1136 autem
857 1078 899 1136 in·

103 1177 222 1252 justitia
246 1177 326 1235 nulla
352 1177 501 1254 capitalior
522 1186 576 1248 est,
596 1194 681 1252 quarn
704 1193 815 1246 eorum,
838 1173 897 1250 qui,

106 1292 174 1332 cum
197 1276 320 1331 maxime
342 1273 455 1345 fallunt,
470 1274 499 1330 id
522 1283 611 1350 agunt
628 1282 661 1330 ut
674 1271 727 1330 viri
746 1271 813 1330 boni
834 1288 898 1329 esse

105 1371 266 1428 videantur.
308 1369 355 1429 De
366 1370 477 1447 justitia
491 1369 561 1427 satis
574 1370 685 1428 dictum
699 1379 752 1427 est.
912 1378 943 1430 10

144 1561 230 1619 XIV.
252 1561 401 1638 Deinceps
416 1561 462 1639 (ut
480 1570 542 1620 erat
554 1560 747 1640 propositum)
762 1560 798 1618 de
811 1561 898 1619 bene·

104 1658 225 1716 licentiis
239 1676 274 1715 ac
287 1658 459 1716 liberalitate
473 1657 603 1728 dicatur3
624 1656 681 1733 qua
695 1657 810 1732 quidem
824 1656 895 1715 nihil

104 1765 149 1811 est
169 1765 280 1812 naturae
303 1753 427 1813 hominis
450 1751 714 1810 accommodatius:
736 1751 786 1810 sed
810 1751 897 1810 habet

104 1851 211 1907 multas
230 1850 390 1907 cautiones.
431 1849 598 1906 Videndum
613 1858 657 1906 est
670 1848 748 1905 enim
761 1848 894 1925 primum,

104 1965 142 2004 ne
164 1947 242 2004 obsit
263 1946 428 2023 benignitas
450 1956 479 2002 et
499 1945 534 2002 iis
554 1945 624 2020 ipsis
645 1945 749 2020 quibus
770 1944 896 2021 benigue
911 1954 942 2005 15

105 2043 249 2100 videbitur
267 2042 339 2113 fieri,
353 2052 382 2099 et
403 2042 530 2111 cacteris3
552 2041 668 2113 deinde,
682 2059 719 2098 ne
739 2041 828 2116 major
848 2041 897 2098 be-

25 2153 28 2159 ·
105 2139 234 2215 nignitas
253 2139 301 2209 sit,
322 2157 405 2213 quam
427 2138 598 2206 facultates;
619 2146 693 2207 tum,
713 2145 745 2193 ut
764 2155 816 2212 pro
835 2136 897 2213 dig·

104 2234 195 2292 nitate
223 2234 329 2309 cuique
356 2234 505 2291 tribuatur.
533 2221 584 2288 'Id
610 2230 688 2287 enim
712 2241 756 2287 est
778 2230 895 2306 justitias

104 2330 335 2401 fundamentum,
351 2329 386 2386 ad
407 2346 492 2404 quarn
512 2327 576 2384 haec
594 2324 746 2382 referenda
758 2333 825 2382 sunt
838 2342 896 2381 otn-

103 2427 160 2484 nia.
204 2424 283 2482 Nam
307 2435 336 2482 et
360 2426 408 2500 qni
432 2423 631 2501 gratificantur
658 2420 795 2498 cuipiam,
818 2420 895 2497 quod
908 2431 941 2482 2⁰

103 2523 181 2580 obsit
201 2521 244 2579 illi
259 2521 307 2579 cui
326 2522 460 2597 prodesse
475 2520 548 2577 velle
562 2519 722 2591 videantur,
737 2536 796 2576 non
810 2517 896 2576 bene·

103 2619 152 2677 fici
173 2636 268 2694 neque
287 2617 431 2689 liberales,
446 2618 496 2674 sed
515 2614 673 2694 perniciosi
693 2623 893 2687 assentatores,

101 2714 253 2791 judicandi
274 2724 356 2771 sunt:
378 2724 416 2786 et,
437 2714 486 2789 qui
507 2714 570 2771 aliis
589 2721 706 2783 nocent,
721 2721 753 2770 ut
772 2710 803 2768 in
824 2711 894 2770 alios

102 2809 325 2881 liberalessint,
341 2810 370 2867 in
391 2809 493 2868 elidem
514 2818 582 2867 sunt
602 2807 752 2885 injustitia,
766 2817 799 2866 ut
817 2806 843 2865 si
862 2807 893 2867 in

103 2927 187 2965 anam
200 2925 262 2964 rem
277 2906 372 2964 aliena
385 2915 561 2964 convertant.
906 2905 939 2963 23

144 3004 221 3061 Sunt
235 3012 332 3062 autern
345 3003 438 3075 multi,
452 3002 610 3078 etquidem
624 2998 722 3076 cupidi
735 2998 893 3076 splendoris

103 3111 133 3159 et
145 3100 258 3180 gloriae,
272 3100 321 3178 qui
335 3099 461 3180 eripiunt
470 3098 544 3173 aliis,
555 3098 631 3174 quod
641 3096 705 3158 aliia
717 3095 891 3177 largiantur:

303 3195 351 3260 ga
