2167 3609
131 366 188 427 128
464 374 508 421 os
530 372 677 422 osricus.
788 397 794 402 -
885 369 970 433 [uu.

176 525 311 584 adversus
334 545 385 585 eos
405 547 477 603 quos
498 527 604 587 invitus
623 526 763 599 offendas,
783 524 971 603 qudcumque

175 623 278 699 possis,
293 643 381 700 quare
395 625 434 696 id,
450 625 526 700 quod
540 625 654 696 feceris,
665 642 785 682 neeesse
801 623 896 693 fuerit,
911 641 971 681 neo

178 720 258 778 aliter
279 721 375 778 faeere
394 722 539 797 potueris:
565 721 734 795 caterisque
749 720 851 796 ‘operis
864 730 894 777 et
908 719 974 778 offi-

177 818 231 875 ciis
245 818 309 891 erit,
324 819 400 894 quod
415 818 552 877 violatum
566 828 619 890 est,
634 817 890 894 compensandum.

145 1018 162 1066 5
216 1012 286 1069 XX.
308 1012 368 1070 Sed
395 1031 472 1082 eum,
500 1011 530 1068 in
559 1009 722 1068 hominibus
746 1008 890 1086 juvandis,
919 1018 971 1067 aut

176 1126 270 1166 mores
284 1108 418 1184 spectari,
434 1117 483 1165 aut
497 1107 612 1164 fortuna
625 1106 732 1176 soleat;
755 1105 836 1163 dictu
850 1105 970 1180 quidem

177 1215 221 1261 est
234 1206 371 1280 proclive,
386 1205 482 1278 itaque
496 1204 583 1281 vulgo
599 1203 766 1277 loquuntur,
781 1221 822 1274 se,
837 1202 867 1259 in
882 1203 972 1260 bene·

176 1301 250 1358 ficiis
261 1300 449 1372 collocandis,
461 1319 557 1357 mores
572 1299 732 1371 hominum,
743 1318 802 1356 non
814 1299 970 1371 fortunam,

177 1397 267 1472 sequi.
305 1397 438 1454 Honesta
448 1397 540 1455 oratio
552 1407 603 1454 est.
642 1396 701 1453 Sed
712 1396 776 1471 quis
786 1406 830 1452 est
839 1395 970 1468 taudem,

132 1501 163 1550 10
178 1492 227 1566 qui
241 1492 335 1568 inopis
349 1502 378 1549 et
392 1492 492 1568 optimi
505 1492 559 1549 viri
574 1511 668 1549 oausoe
682 1510 742 1549 non
757 1501 923 1568 anteponat,
938 1492 970 1549 in

178 1592 265 1666 operti
279 1591 384 1662 dandd,
399 1590 522 1667 gratiam
544 1589 682 1646 fortunati
703 1599 731 1647 et
751 1589 898 1665 potentis?
939 1588 970 1646 A

177 1706 235 1761 quo
249 1688 326 1744 euim
340 1688 499 1763 expeditior
513 1697 542 1745 et
557 1687 677 1744 celerior
697 1686 893 1743 remuneratio
907 1685 972 1744 fore

178 1783 300 1856 videtur,
316 1784 345 1841 iu
361 1803 426 1841 eum
447 1785 507 1842 sere
524 1795 568 1841 est
581 1784 712 1841 voluutas
732 1793 829 1841 nostra
847 1801 974 1860 propen-

179 1880 244 1939 sior.
287 1882 345 1939 Sed
361 1881 646 1939 animadvertendum
661 1891 704 1938 est
717 1880 894 1958 diligentius,
906 1900 972 1957 quae

132 1984 163 2033 15
178 1990 281 2036 natura
300 1998 396 2037 rerum
417 1979 461 2037 sit.
492 1978 650 2035 'Nimirum
672 1978 748 2035 enim
770 1977 853 2054 inops
871 1978 929 2049 ille,
944 1978 971 2036 si

179 2075 273 2133 bonus
286 2086 329 2133 est
340 2076 392 2149 vir,
404 2076 491 2133 etiam
506 2075 530 2132 si
544 2075 650 2132 referre
661 2075 782 2151 gratiam
793 2093 852 2132 non
863 2084 971 2150 potest,

179 2173 285 2230 habere
306 2184 384 2231 certe
397 2182 499 2249 potest.
541 2172 703 2229 Commode
719 2182 824 2244 autern,
839 2172 973 2247 quiouru·

178 2290 234 2346 que
245 2270 326 2342 dixit,
339 2269 519 2347 “pecuniam
534 2268 582 2345 qui
597 2269 711 2339 habeat,
722 2288 780 2326 non
792 2269 971 2340 reddidisse;

179 2369 227 2443 qui
247 2368 414 2438 reddiderit,
436 2387 492 2425 nou
515 2366 638 2436 habere3
666 2366 788 2442 gratiam
813 2376 919 2438 autem,
940 2377 973 2424 et

130 2475 163 2526 20
179 2465 229 2540 qui
249 2464 388 2537 retulerit,
410 2465 526 2534 habere,
548 2473 576 2520 et
598 2462 646 2537 qui
670 2464 785 2535 habeat,
807 2463 970 2521 retulisse‚”

179 2563 229 2632 At,
251 2560 300 2636 qui
321 2581 352 2617 se
372 2560 538 2636 locupleteS,
559 2557 723 2631 honoratos,
738 2561 837 2619 beatos
857 2571 970 2636 putant,

178 2658 208 2715 hi
229 2676 266 2715 ne
287 2657 409 2734 obligari
430 2657 547 2733 quidem
567 2657 709 2715 beneficio
729 2659 837 2716 volunt.
884 2657 971 2720 Quin

179 2754 265 2812 etiarn
293 2754 466 2812 beneficium
493 2773 524 2811 se
551 2753 664 2812 dedisse
693 2755 876 2827 arbitrantur,
901 2774 971 2813 oum

178 2850 233 2927 ipsi
247 2852 376 2927 quamvis
396 2870 533 2928 maguum
550 2852 664 2927 aliquod
680 2853 860 2929 acceperint:
884 2863 972 2927 atque

129 2954 162 3003 ἔ)
178 2946 265 3004 etiam
287 2967 304 3003 a
323 2966 354 3004 se
373 2948 510 3023 postulari
532 2958 581 3005 aut
597 2950 758 3026 exspectari
779 2949 888 3025 aliquid
909 2969 972 3006 sus-

177 3044 328 3119 picantur:
355 3045 516 3120 patrocinio
539 3063 619 3104 vero·
633 3066 663 3104 se
691 3066 766 3119 usos,
791 3056 820 3103 et
847 3046 972 3104 clientes

180 3139 325 3219 appellari,
353 3141 454 3200 mortis
480 3140 571 3200 instar
596 3153 707 3219 putant
755 3143 798 3202 Ar
823 3161 892 3202 vero
919 3143 972 3202 ille
