2167 3609
150 340 207 398 182
481 299 525 393 rin
547 347 691 416 osricus.
885 347 973 408 [nm

192 505 377 566 mercaturas,
411 495 590 553 venditiones
622 495 836 553 frauduleutsst
896 495 971 553 Ecce

192 592 255 663 tibi,
276 592 328 667 qui
355 610 405 649 rex
431 592 529 667 populi
556 592 683 649 Romani
706 592 895 666 dominusque
917 610 974 648 om·

192 689 271 745 nium
286 689 414 765 gentium
429 707 492 744 esse
506 689 702 763 concupierit,
711 688 797 763 idque
814 688 973 764 perfecerit.

193 785 279 841 Hanc
307 785 492 860 cupiditatem
512 785 536 841 si
557 785 706 841 honestam
726 784 789 859 quis
810 803 873 840 esse
893 784 973 858 dicit,
1028 793 1031 798 ’

163 890 291 938 5amens
321 893 380 937 est:
414 882 516 955 probat
549 880 625 936 euim
660 880 756 957 legum
783 890 812 937 et
837 880 974 937 libertatis

193 965 348 1048 interitum,
375 996 530 1051 earumque
561 977 778 1054 ⁴oppressionem
811 985 913 1033 tetram
945 987 974 1034 et

192 1074 399 1144 detestabilem,
414 1073 567 1149 gloriosam
581 1082 668 1147 putat.
708 1072 771 1133 Qui
793 1083 886 1130 autem
908 1073 976 1131 fate·

192 1182 247 1241 tur,
275 1170 426 1226 honestum
459 1188 518 1225 non
551 1187 624 1238 esse,
652 1169 681 1225 in
708 1170 743 1226 ea
771 1169 886 1226 civitate
913 1189 976 1244 quae

193 1266 283 1322 libera
302 1266 363 1334 fuit,
379 1284 498 1339 quaeque
518 1284 581 1322 esse
602 1266 714 1336 debeat,
728 1284 859 1342 regnare,
873 1266 923 1322 sed
937 1266 975 1338 ei,

148 1374 179 1422 10
193 1362 241 1436 qui
255 1361 284 1417 id
299 1361 392 1418 facere
406 1362 502 1437 possit,
517 1381 580 1418 esse
600 1363 670 1419 utile
679 1383 686 1432 ;
709 1363 765 1436 qui
786 1363 863 1419 hunc
884 1362 977 1438 objur-

193 1459 317 1535 gatione,
334 1469 381 1515 aut
402 1477 458 1532 quo
478 1460 573 1534 potius
594 1459 735 1530 convicio,
750 1468 860 1516 atanto
880 1477 976 1515 errore

193 1574 281 1612 coner
302 1556 441 1613 avelleret
482 1555 580 1612 Potest
594 1555 670 1612 enim
686 1555 750 1632 (Dii
771 1554 978 1633 immortalesi)

193 1652 326 1726 cuiquam
350 1671 413 1708 esse
439 1653 509 1709 utile
535 1652 723 1709 foedissimum
746 1660 775 1708 et
798 1651 978 1708 teterrimum

191 1746 376 1821 parricidium
403 1748 518 1821 patriae3
547 1748 676 1822 quamvis
696 1746 729 1818 is,
751 1746 800 1821 qui
820 1765 851 1803 se
871 1765 909 1803 eo
930 1747 982 1804 ob-

147 1853 178 1901 15
192 1842 345 1914 strinxerit,
368 1844 403 1899 ab
423 1843 566 1919 oppressis
587 1843 698 1900 civibus
718 1843 825 1900 Parens
848 1843 983 1901 nomine·

191 1940 256 1995 turi
310 1940 469 1996 Honestate
496 1940 584 2016 igitur
611 1939 761 2016 dirigenda
787 1939 898 1996 utilitas
924 1949 981 2011 est,

191 2043 220 2091 et
239 2034 355 2109 quidem
382 2036 434 2107 sic,
455 2045 487 2092 ut
508 2036 570 2093 haeo
590 2035 648 2106 duo
668 2035 754 2094 verbo
775 2034 849 2092 inter
869 2053 902 2092 se
921 2036 986 2092 dis·

191 2150 318 2206 crepare,
333 2151 364 2188 re
378 2141 473 2190 tamen
489 2151 575 2189 unum
591 2150 703 2202 sonare,
718 2131 876 2190 videantur.

230 2228 299 2285 Non
320 2228 422 2296 habeo,
444 2229 479 2286 ad
498 2228 778 2310 vuigiopiuiouem,
799 2247 862 2302 quae
890 2228 987 2305 major

144 2336 177 2384 20
190 2325 308 2395 utilitas,
322 2344 407 2400 quam
420 2325 570 2402 regnandi,
585 2344 648 2382 esse
661 2325 767 2400 possit:
788 2324 860 2381 nihil
875 2335 988 2382 contra

191 2421 319 2478 inutilius
330 2421 367 2492 ei,
379 2421 428 2495 qui
442 2422 471 2478 id
485 2422 590 2497 injuste
604 2431 778 2479 consecutus
792 2421 839 2493 sit,
850 2421 986 2493 invenio,

190 2536 256 2574 cum
271 2517 306 2574 ad
320 2517 468 2574 veritatem
483 2518 556 2594 coepi
571 2536 705 2576 revocare
721 2517 869 2575 rationem.
885 2575 888 2582 ,
912 2517 990 2576 Pos-

189 2623 255 2670 sunt
275 2612 353 2670 enim
374 2614 506 2689 cuiquam
528 2633 590 2671 esse
610 2614 695 2671 utiles
716 2627 847 2690 angores,
870 2613 990 2671 sollici-

188 2709 312 2780 tudines,
334 2710 429 2767 diurni
449 2722 478 2766 et
498 2710 634 2768 nocturni
656 2720 759 2782 metus,
781 2709 839 2767 vita
860 2709 992 2767 insidia·

143 2814 175 2861 25
186 2794 251 2859 rum
265 2806 513 2881 periculorumque
527 2806 714 2882 plenissima?

200 2931 223 2975 ⁴“
232 2946 308 2995 Multi
318 2949 396 3012 iniqui
407 2958 480 3014 atque
491 2952 605 3001 infideles
616 2968 702 3017 reguo,
713 2954 786 3015 pauci
798 2960 859 3003 sunt
869 2956 967 3017 boni,”

186 3085 281 3161 inquit
295 3088 412 3148 Accius.
454 3092 495 3151 At
516 3092 564 3151 oui
585 3094 693 3171 regnet
714 3094 800 3169 quod,
816 3094 992 3155 aTantalo
