2167 3609
143 353 200 413 lffi
472 358 515 404 DE
537 358 680 406 osricus.
876 357 969 417 [nm.

188 506 357 581 senatdsque
390 506 533 564 fecerant:
569 506 726 579 eodemque
758 515 888 581 tempore
919 506 968 564 Ti.

186 602 351 674 Numicius,
374 602 414 664 Q.
439 602 563 674 Maelius,
587 603 636 678 qui
663 612 724 658 turn
747 602 971 678 tribuniplebis

187 710 278 771 erant,
302 700 378 774 quod
395 718 502 770 ,eorum
527 699 696 756 auctoritate
719 718 775 775 pax
798 709 860 756 erat
884 699 970 769 factu,

187 795 276 852 dediti
303 805 379 866 sunt,
406 805 438 852 ut
464 813 521 869 pax
557 795 728 852 Samnitium
762 796 969 871 repudiaretur.

155 893 283 967 satque
311 882 401 967 'hujus
433 891 588 948 deditionis
621 892 681 966 ipse
715 891 888 963 Postumius,
921 893 971 966 qui

186 990 352 1060 dedebatur,
377 1007 475 1045 suasor
499 996 528 1044 et
552 997 651 1045 auctor
678 988 748 1044 suit:
781 989 856 1063 quod
885 988 971 1058 idern,

187 1086 283 1143 multis
298 1085 380 1142 annis
393 1094 466 1159 post,
481 1084 514 1141 C.
530 1083 700 1154 Mancinus3
722 1083 782 1159 qui,
797 1094 827 1141 ut
841 1083 871 1141 N
875 1104 973 1141 uman-

187 1182 265 1253 tinis,
280 1181 450 1255 quibuscum
470 1181 532 1237 sine
553 1180 669 1237 senatuis
690 1181 858 1238 auctoritate
879 1180 973 1237 fredus

188 1277 304 1348 fecerat,
319 1278 481 1347 dederetur,
495 1277 673 1353 rogationem
694 1277 784 1333 suasit
797 1296 870 1348 earn,
885 1296 971 1351 quam
1075 1255 1076 1286 ³

141 1382 172 1433 1⁰
188 1373 221 1430 L.
236 1372 341 1430 Furius
354 1383 383 1430 et
398 1374 427 1429 S.
442 1374 549 1431 Atilius
568 1392 604 1431 ex
621 1373 880 1432 esnethe-consulto
901 1376 973 1433 sere·

187 1470 273 1528 bant:
300 1469 357 1545 qud
378 1470 506 1544 acceptat,
527 1480 571 1527 est
591 1470 720 1528 hostibus
740 1471 862 1529 deditus.
912 1472 972 1530 Ho·
1076 1439 1077 1506 i

186 1567 296 1625 nestius
322 1567 380 1637 hic,
400 1586 484 1642 quam
504 1567 544 1629 Q.
567 1567 730 1643 Pompeius,
751 1587 808 1642 quo
836 1566 916 1644 (curn
941 1569 971 1626 in

188 1661 289 1717 etdem
310 1662 398 1719 causti
418 1663 506 1741 esset)
524 1663 706 1737 deprecante,
722 1673 840 1738 accepta
852 1663 898 1721 lex
912 1683 970 1721 non

187 1767 238 1813 est.
280 1756 340 1813 Hic
354 1776 398 1826 ea,
412 1778 474 1832 quae
490 1758 637 1816 videbatur
657 1758 774 1830 utilitas,
789 1760 852 1834 plus
872 1760 970 1832 valuit,

141 1855 171 1905 1⁵
187 1871 270 1928 quam
293 1853 443 1911 honestas:
472 1854 546 1928 apud
567 1854 737 1929 superiores,
759 1856 889 1913 utilitatis
909 1876 973 1932 spe·

187 1948 248 2006 cies
268 1949 339 2006 salsa
359 1950 394 2006 ab
415 1950 573 2007 honestatis
591 1952 758 2009 auctoritate
771 1963 904 2027 superata
917 1963 970 2011 est.

226 2046 267 2102 At
286 2064 344 2101 uon
364 2044 463 2102 debuit
482 2056 574 2103 ratum
602 2065 674 2117 esse,
696 2047 771 2122 quod
793 2058 853 2105 erat
874 2060 970 2107 actum

186 2160 235 2218 per
256 2141 322 2199 vim.
362 2141 457 2204 Quasi
478 2161 545 2199 vero
566 2142 632 2199 sorti
646 2144 707 2200 viro
721 2143 763 2201 vis
782 2145 870 2220 possit
892 2146 973 2204 adhi-

189 2238 256 2296 beri.
311 2238 371 2295 Cur
398 2239 483 2315 igitur
508 2240 542 2296 ad
567 2251 696 2297 senatum
723 2241 970 2316 proficiscebatur,

140 2341 172 2391 20
188 2355 253 2393 cum
280 2337 435 2412 praesertim
462 2338 498 2393 de
522 2336 641 2411 captivis
668 2337 848 2395 dissuasurus
875 2341 971 2397 esset?

125 2498 131 2511 Δ
185 2431 275 2493 Quod
309 2433 461 2489 maximum
496 2432 525 2489 in
555 2451 590 2490 eo
615 2443 668 2504 est,
696 2433 725 2492 id
753 2435 970 2509 reprehenditis.

187 2527 255 2583 Non
292 2528 368 2584 enim
406 2546 457 2583 suo
490 2528 601 2603 judicio
638 2529 725 2601 stetit,
760 2530 811 2587 sed
844 2532 972 2607 suscepit

187 2642 313 2694 causam,
328 2632 359 2678 ut
373 2632 447 2679 esset
464 2622 604 2698 judicium
624 2625 755 2693 senatun
777 2625 824 2682 cui
839 2626 895 2683 nisi
910 2628 971 2702 ipse

188 2729 287 2776 auctor
315 2719 423 2790 suisset,
451 2719 555 2794 captivi
581 2720 711 2794 profecto
742 2721 839 2780 Poenis
865 2723 972 2780 redditi

140 2817 172 2865 25
187 2824 290 2871 essent.
337 2814 382 2871 Ita
401 2814 555 2873 incolumis
575 2816 605 2873 in
624 2816 717 2891 patriti
737 2816 869 2894 Regulus
890 2819 972 2876 resti·

187 2907 284 2966 tisset:
311 2910 388 2984 quod
408 2911 476 2984 quia
501 2912 600 2985 patriae
622 2931 679 2971 non
700 2913 770 2971 utile
789 2915 908 2989 putavit,
930 2916 972 2973 id·

188 3001 268 3063 circo
287 3002 341 3060 sibi
362 3005 557 3065 honesturnxet
570 3008 676 3066 sentire
697 3009 755 3081 illa,
769 3021 799 3068 et
817 3011 888 3086 pati,
909 3030 972 3070 crs-

187 3094 268 3154 didit.
318 3097 405 3169 Nam,
425 3102 501 3174 quod
523 3102 612 3173 aiunt,
633 3104 708 3177 quod
730 3105 810 3166 rude
830 3106 902 3166 utile
921 3106 971 3179 sit,
