2167 3609
98 354 185 413 nra]
389 350 432 397 na
451 349 597 397 orneris.
899 338 939 410 95

100 500 270 572 honesturn,
292 497 370 556 idem
393 498 520 575 justum:
551 517 588 555 ex
610 515 667 573 quo
693 494 827 567 efficitur,
850 503 893 567 ut,

98 595 245 673 quidquid
268 596 422 653 honestum
446 594 493 667 sit,
517 595 596 651 idem
619 594 657 652 sit
677 594 757 652 utile.
802 593 894 655 Quod

101 694 152 769 qui
173 711 278 768 parurn
299 691 488 768 perspiciunt,
503 691 534 748 hi
556 709 641 766 saepe,
656 701 786 749 versutos
804 689 895 747 homi·

7 785 16 806 ''
101 808 155 847 nes
170 800 200 845 et
221 788 343 845 callidos
366 788 549 860 admirantes,
564 787 704 845 maiitiam
725 787 894 862 sapientiam

96 882 245 959 judicant.
286 882 424 944 Quorum
437 900 517 940 error
537 881 704 957 eripiendus
717 891 770 952 est,
785 881 923 957 opinio-5

103 998 161 1054 que
181 978 278 1035 omnis
294 978 329 1035 ad
343 998 407 1036 eam
421 998 500 1054 spem
517 978 706 1049 traducenda,
721 987 753 1034 ut
767 976 895 1034 honestis

104 1076 237 1133 consiliis
254 1074 396 1151 justisque
417 1075 510 1146 sactis,
525 1094 584 1133 non
605 1074 705 1132 fraude
725 1082 755 1129 et
775 1072 894 1146 malint,

103 1191 136 1230 se
150 1172 373 1248 intelligentes,
389 1190 452 1246 qnae
467 1171 565 1243 velint,
581 1170 717 1244 consequi
732 1187 825 1245 posse.
859 1153 864 1162 ¹

142 1268 223 1330 Quae
242 1286 311 1345 ergo
327 1268 464 1324 advitam
483 1267 633 1324 hominurn
654 1266 790 1323 tuendam
809 1265 895 1342 perti·

103 1375 186 1435 nent,
200 1364 306 1439 partim
327 1374 393 1420 sunt
409 1364 546 1436 inanima,
561 1374 593 1420 nt
607 1381 718 1434 aurum,
734 1372 939 1439 argentum,‘t(t

104 1471 136 1518 ut
156 1480 202 1532 ea,
221 1479 285 1535 quae
309 1459 466 1537 gignuntur
486 1478 503 1516 e
527 1460 613 1531 terrai,
636 1470 668 1516 ut
690 1460 746 1516 alia
767 1459 893 1535 ejusdem

103 1556 238 1635 generis;
260 1556 364 1632 partim
386 1555 530 1627 animalia,
545 1576 608 1631 quae
628 1556 735 1613 habent
755 1574 822 1613 suos
842 1555 895 1612 irn-

101 1663 199 1729 petus,
223 1662 252 1709 et
275 1671 372 1708 rerum
397 1651 547 1727 appetitus.
588 1652 697 1710 Eorum
720 1662 814 1710 autem
839 1652 895 1709 alia

103 1748 228 1805 rationis
265 1748 394 1823 expertia
428 1758 504 1819 sunt,
541 1748 598 1806 alia
629 1749 741 1807 ratione
773 1748 892 1805 utentia.

103 1845 248 1921 Expertes
268 1844 399 1915 rationis,
418 1844 494 1919 equi,
509 1845 606 1916 boves,
621 1847 736 1921 reliquae
755 1845 893 1923 pecudes,
908 1853 939 1903 15

104 1960 183 2017 apes,
199 1959 322 2015 quarum
336 1959 423 2016 opere
436 1940 559 1999 efficitur
575 1942 680 2017 aliquid
696 1943 730 1999 ad
745 1943 893 2000 hominurn

103 2055 191 2094 usum
219 2046 304 2110 atque
331 2036 427 2094 vitain.
474 2037 602 2095 Ratione
631 2052 725 2095 autem
751 2039 894 2096 utentium

102 2133 164 2190 duo
178 2152 287 2209 genera
300 2143 447 2207 ponuntur
453 2154 460 2203 ;
482 2153 583 2204 unum,
598 2133 740 2204 Deorum;
763 2135 893 2205 alterum,

103 2227 266 2285 hominum.
308 2226 387 2285 Deos
406 2228 535 2303 placatos
548 2228 640 2303 pietas
653 2228 758 2284 efficiet
771 2238 800 2284 et
813 2247 895 2285 sanc·

103 2324 190 2381 titas:
211 2324 342 2400 proxime
364 2335 469 2395 antem,
485 2334 513 2381 et
527 2323 687 2381 secundum
701 2321 790 2395 Deos,
805 2324 895 2380 homi·
908 2336 939 2386 2⁰

102 2440 157 2478 nes
193 2420 360 2477 hominibus
393 2421 517 2477 maxime
555 2420 640 2477 utiles
672 2438 735 2476 esse
767 2430 893 2497 possunt.

103 2513 273 2591 Earumque
293 2535 400 2588 rerum,
414 2536 476 2591 quse
491 2526 617 2574 noceant
631 2526 660 2573 et
673 2516 778 2590 obsint,
793 2516 894 2575 eadem

103 2612 211 2670 divisio
225 2621 277 2669 est.
320 2612 388 2684 Sed,
403 2613 471 2688 quia
484 2611 563 2670 Deos
579 2632 685 2671 nocere
705 2632 763 2670 non
783 2624 893 2689 putant,
968 2635 971 2644 ’

104 2708 153 2766 his
176 2708 315 2783 exceptis,
340 2709 472 2767 homiues
495 2710 661 2768 hominibus
684 2711 785 2767 ob'esse
808 2710 900 2785 pluri·

103 2823 196 2875 mum,
212 2804 256 2860 vel
277 2804 422 2879 prodesse,
438 2805 619 2863 arbitrantur.
661 2805 706 2862 Ea
725 2806 801 2862 enirn
822 2806 893 2883 ipsa,
907 2823 940 2873 25

103 2919 170 2976 quae
191 2900 321 2957 inanima
341 2901 475 2973 diximus,
494 2903 630 2978 pleraque
658 2912 725 2959 sunt
746 2902 893 2961 hominum

101 2997 201 3073 operis
223 2997 337 3067 effecta,
352 3017 415 3072 quae
437 3017 493 3055 nec
515 3000 694 3069 haberemus,
716 2998 771 3055 nisi
794 3018 895 3055 manus

100 3102 134 3153 et
168 3112 216 3153 ars
246 3093 453 3164 accessissent3
487 3114 542 3152 nee
569 3095 623 3163 his,
651 3094 714 3151 sine
746 3094 894 3152 hominum
