2167 3609
143 338 200 397 186
274 369 283 388 ι
473 346 518 393 ne
538 346 684 392 omens
878 343 974 405 [um
1068 321 1070 336 ⁴

184 496 244 552 lum
257 494 312 551 erit
325 504 471 550 certamen
479 515 488 564 ;
508 495 571 565 sed,
584 494 666 570 quasi
683 497 759 551 sorte
773 503 823 551 aut
836 492 973 553 micando

184 592 287 662 victus,
302 591 383 648 alteri
403 589 488 648 cedat
508 592 587 649 alter.
627 590 730 652 Quidt
757 591 782 648 si
802 601 884 667 pater
905 590 972 650 fana

183 687 298 763 expilet,
311 687 465 743 cuniculos
479 697 545 763 agat
559 688 593 743 ad
609 686 757 756 aerarium3
778 686 927 745 indicetne
941 687 970 744 id

184 785 398 860 magistratibus
429 784 525 841 filiusl
583 783 676 840 Nefas
702 783 732 840 id
759 783 876 858 quidem
910 794 969 841 est:

154 881 340 956 squinetiam
360 879 496 936 defendat
514 890 634 955 patrem,
655 879 680 936 si
700 889 845 955 arguatur.
900 879 970 937 Non

184 977 273 1054 igitur
291 976 385 1051 patria
402 985 518 1050 praestat
539 976 673 1033 omnibus
700 976 822 1033 officiisl
876 977 972 1035 Immo

183 1092 267 1131 vero:
288 1072 339 1128 sed
353 1072 406 1148 ipsi
420 1072 519 1147 patriae
533 1072 682 1142 conducit,
695 1072 759 1147 pios
772 1073 850 1129 cives
863 1072 971 1131 habere
1069 1113 1070 1128 r

184 1168 214 1225 in
233 1179 375 1243 parentes.
415 1167 517 1230 Quidl
538 1168 563 1224 si
579 1169 759 1242 tyrannidem
776 1186 931 1244 occupare,
946 1169 970 1227 si

183 1264 304 1340 patriam
314 1264 444 1337 prodere,
456 1264 605 1320 conabitur
615 1275 711 1339 pater3
733 1264 866 1322 silebitne
876 1265 970 1324 filiusl

141 1364 172 1412 lt)
184 1360 278 1416 Immo
297 1377 365 1416 vero
385 1360 549 1416 obsecrabit
568 1370 688 1434 petrem,
702 1380 740 1418 ne
756 1361 785 1417 id
800 1361 895 1420 saciat.
938 1363 970 1421 Si

183 1456 255 1513 nihil
274 1456 415 1531 proficiet,
437 1457 601 1514 accusabit:
629 1457 782 1515 minabitur
801 1458 907 1516 etiam:
935 1460 970 1517 ad
1069 1523 1070 1530 χ

184 1564 353 1624 extremum,
368 1553 392 1609 si
407 1553 442 1610 ad
462 1553 621 1629 perniciem
641 1554 739 1628 patriae
753 1573 800 1612 res
818 1556 970 1631 spectabit,
1069 1557 1070 1616 l

183 1650 283 1725 patriae
296 1650 416 1706 salutem
432 1661 584 1724 anteponet
598 1649 683 1707 saluti
696 1650 792 1725 patris.

223 1744 339 1805 Quaerit
359 1745 456 1815 etiam,
471 1745 495 1801 si
513 1745 627 1819 sapiens
647 1746 820 1804 adulterinos
838 1766 972 1806 nummos

141 1848 172 1896 15
185 1841 330 1915 acceperit
344 1840 509 1916 imprudens
522 1860 574 1917 pro
584 1842 683 1911 bonis;
705 1861 771 1899 cum
786 1843 814 1899 id
830 1843 970 1915 rescierit,
1069 1831 1070 1900 l

184 1935 368 1993 soluturusne
394 1936 431 1992 sit
457 1955 518 2008 eos,
539 1936 564 1995 si
592 1938 639 1995 cui
666 1938 779 2009 debeat,
799 1958 851 2014 pro
876 1939 970 1998 bonis.

184 2031 332 2108 Diogenes
353 2032 408 2090 ait:
437 2032 589 2110 Antipater
612 2009 728 2111 negat3¹
744 2035 791 2092 cui
811 2036 909 2111 potius
930 2056 973 2094 as·

184 2129 301 2187 sentior.
341 2130 404 2192 Qui
424 2131 522 2188 vinum
543 2130 657 2207 fugiens
677 2132 781 2189 vendat
800 2132 907 2204 sciens,
924 2134 973 2191 de·

185 2226 288 2283 beatne
310 2227 428 2284 diceret
468 2227 537 2284 Non
558 2246 678 2284 necesse
697 2238 779 2303 putat
806 2228 971 2306 Diogenes:

140 2333 173 2382 20
186 2323 338 2398 Antipater
352 2323 405 2380 viri
426 2323 496 2402 boni
515 2324 667 2381 existimat.
709 2323 782 2382 Haec
803 2334 870 2382 sunt
891 2325 973 2400 quasi

186 2428 369 2476 controversa
386 2419 451 2494 jura
471 2421 646 2477 Stoicorum.
687 2419 721 2476 In
742 2421 889 2496 mancipio
908 2440 975 2478 reu·
1068 2437 1070 2458 ⁴

187 2516 292 2587 dendo,
307 2516 467 2574 dicendane
481 2517 560 2587 vitia,
574 2537 633 2574 uon
651 2537 694 2589 ea,
709 2538 772 2593 quae
786 2518 842 2576 nisi
856 2519 974 2592 dixeris,

187 2615 370 2673 redhibeatur
398 2615 574 2691 mancipium
600 2616 665 2690 jure
693 2615 771 2672 civili
780 2636 787 2686 ;
822 2617 872 2673 sed
901 2618 975 2688 haec,

187 2715 355 2771 mendacem
376 2732 449 2780 esse,
471 2714 636 2792 aleatorem,
659 2714 796 2786 furacem,
818 2714 975 2774 ebriosum.

141 2811 281 2871 &Alteri
308 2812 433 2868 dicenda
458 2812 601 2883 videntur,
630 2812 711 2869 alteri
745 2832 804 2870 non
832 2812 975 2872 videntur.
1069 2883 1070 2886 Ἴ

188 2906 221 2964 Si
248 2908 320 2980 quis,
343 2929 443 2966 aurum
469 2910 606 2982 vendens,
631 2911 808 2968 orichalcum
837 2931 867 2969 se
894 2921 978 2988 putet

187 3003 321 3071 vendere,
349 3007 495 3065 indicetne
522 3008 550 3065 ei
578 3009 619 3065 vir
647 3010 748 3080 bonus,
776 3029 877 3067 aurum
906 2999 979 3069 illud

186 3119 262 3172 esse,
278 3120 313 3158 an
327 3114 404 3161 emat
423 3105 553 3178 denario,
568 3107 645 3181 quod
659 3108 696 3165 sit
710 3107 788 3168 mille
804 3108 978 3169 deneridml
