2167 3609
138 346 178 406 ot
475 351 520 399 DE
538 349 683 398 omem.
905 349 978 411 [m.

187 515 244 564 tem
258 504 327 562 lieet
340 501 503 581 magnifiee,
518 499 652 577 graviter,
667 498 852 574 animoseque
866 497 974 573 rivere,

187 613 272 677 atque
292 601 383 658 etiam
400 598 577 675 simpliciter,
593 596 725 668 fideliter,
739 595 861 671 viteque
881 596 976 655 honrid

185 718 255 757 num
271 698 370 756 amice.

224 889 353 950 XXVII.
376 891 522 965 Sequitur,
537 900 570 946 nt
583 889 619 947 de
632 889 691 946 und
704 888 815 964 reliqui
826 900 906 966 parte
920 892 973 950 ho-

153 991 170 1040 5
184 988 303 1046 nestatis
314 988 469 1044 dicendum
478 987 530 1057 sit3
554 986 840 1060 inquivereoundia,
849 998 878 1046 et
888 990 971 1063 quasi

184 1085 300 1160 quidam
321 1094 440 1141 ornatus
459 1084 534 1155 vitae,
551 1083 748 1159 temperantia,
769 1094 798 1141 et
817 1085 970 1159 modestia,

185 1181 335 1255 omnisque
345 1180 455 1238 sedatio
465 1181 712 1255 perturbationum
728 1181 825 1253 animi,
834 1190 864 1238 et
872 1200 970 1239 rernm

184 1277 287 1335 modus
301 1277 437 1334 cernitur.
479 1276 547 1334 Hoc
567 1277 633 1333 loeo
654 1276 816 1335 continetur
837 1277 876 1349 id,
891 1279 969 1353 quod

185 1373 244 1429 diei
255 1371 358 1428 Latine
370 1370 510 1428 Decorum
520 1381 631 1446 potestr
653 1372 756 1429 Graeoe
766 1372 842 1429 enim
855 1375 969 1446 Πρέποι*
1023 1450 1027 1454 ἢ

138 1473 169 1521 10
184 1468 298 1526 dieitur.
340 1467 436 1543 Hujus
458 1466 500 1524 vis
521 1485 557 1524 ea
579 1478 632 1539 est,
655 1477 687 1525 ut
709 1468 745 1525 ab
769 1468 888 1526 honesto
908 1487 969 1526 non

185 1575 271 1640 queat
291 1564 435 1638 separari:
456 1583 533 1637 nam,
556 1576 585 1622 et
605 1564 681 1639 quod
704 1564 797 1637 decet,
818 1564 970 1623 honestum

184 1672 227 1718 est
238 1681 245 1731 ;
267 1671 295 1719 et
309 1662 386 1736 quod
399 1662 552 1719 honestum
565 1671 618 1733 est,
634 1661 726 1718 decet.

223 1757 329 1819 Qualis
345 1768 439 1816 autern
454 1758 615 1815 differentia
636 1757 673 1814 sit
689 1756 802 1814 honesti
816 1767 845 1815 et
858 1757 968 1831 decori,

185 1853 299 1911 facilius
319 1854 441 1930 intelligi
462 1872 547 1929 quam
567 1852 713 1928 explanari
732 1864 834 1928 potest.
873 1854 971 1917 Quid·

138 1961 169 2008 15
184 1950 253 2023 quid
268 1959 311 2007 est
325 1950 412 2020 enim,
428 1950 504 2025 quod
518 1950 629 2021 deceat,
644 1949 673 2006 id
688 1959 748 2007 tum
764 1959 888 2026 apparet,
900 1970 969 2008 oum

185 2056 350 2123 antegressa
375 2056 418 2104 est
442 2048 585 2104 honestas.
625 2044 727 2119 Itaque
747 2064 804 2103 non
824 2046 916 2103 solum
937 2047 968 2104 in

184 2142 239 2199 hao
258 2153 339 2220 parte
360 2142 526 2213 honestatis,
541 2142 578 2198 de
599 2142 655 2215 quai
676 2140 732 2197 hoo
747 2141 814 2198 loeo
828 2141 970 2200 disseren-

183 2237 252 2295 dum
271 2247 323 2310 est,
338 2237 388 2295 sed
409 2237 495 2295 etiam
517 2236 547 2293 in
568 2236 660 2293 tribus
680 2236 884 2311 superioribus,
898 2238 969 2312 quid

184 2333 295 2405 deceat,
318 2342 451 2408 apparet:
472 2350 539 2389 nam
560 2341 589 2388 et
609 2331 720 2388 ratione
738 2331 780 2388 uti
801 2341 885 2406 atque
905 2351 970 2391 ora·

136 2436 168 2486 20
184 2429 262 2486 tione
270 2430 440 2504 prudenter3
455 2438 484 2485 et
494 2447 588 2504 agere,
598 2428 674 2502 quod
685 2447 761 2504 agas,
772 2428 967 2500 considerate;

184 2525 319 2599 omnique
330 2524 360 2582 in
371 2542 412 2594 re,
424 2524 491 2597 qnid
506 2524 542 2581 sit
553 2524 621 2594 veri,
633 2523 729 2581 videre
740 2535 769 2581 et
778 2525 852 2582 tueri
864 2525 967 2583 decet:

184 2630 341 2694 contraque
356 2619 425 2690 falli,
440 2638 545 2691 errare,
559 2619 627 2691 labi,
642 2620 747 2696 decipi,
762 2630 820 2678 tam
834 2621 967 2694 dedecet,

184 2734 269 2790 quam
283 2715 413 2788 delirare,
428 2726 457 2774 et
476 2725 573 2774 mente
593 2735 656 2774 esse
677 2726 800 2793 captum.
841 2717 879 2774 Et
890 2717 969 2793 justa

183 2812 281 2869 omnia
294 2812 399 2870 decora
413 2820 479 2871 sunt
487 2833 495 2884 ;
516 2812 622 2890 injusta
635 2823 745 2885 eontra,
760 2823 792 2870 ut
804 2813 908 2890 turpia,
923 2814 969 2871 sio

135 2912 168 2962 25
183 2906 328 2967 indecora.
370 2909 480 2967 Similis
500 2920 543 2969 est
563 2910 637 2968 ratio
665 2909 854 2968 fortitudinis:
888 2910 968 2985 quod

183 3004 261 3065 euim
280 3006 398 3065 viriliter
427 3007 580 3082 animoque
603 3025 709 3085 magno
728 3007 770 3080 fit,
791 3005 822 3063 id
845 3006 968 3086 dignum
