2167 3609
127 347 222 407 nm]
416 349 460 395 ns
481 347 626 396 ossrcus.
786 415 789 421 Ι
902 337 959 396 165

129 515 252 555 annonae
272 494 408 567 caritat03
430 496 455 554 si
468 496 545 554 idem
565 496 647 568 seint,
662 496 824 571 complures
841 509 913 553 mer·

128 603 241 650 catores
262 593 438 651 Alexandri&
458 594 586 663 solvisse,
602 612 744 667 navesque
765 594 795 650 in
815 611 910 665 cursu,
970 661 972 678 Ι

126 688 273 747 frumento
298 700 425 760 onustas,
452 699 583 764 petentes
616 689 764 758 Rhodum,
792 689 910 759 viderit;

125 785 296 843 dicturusne
328 786 365 843 sit
391 785 419 842 id
453 785 587 856 Rhodiis,
616 805 651 843 an
681 785 796 842 silentio
828 791 911 843 suum

126 882 346 957 quamplurimo
357 882 540 940 venditurus?
582 882 748 957 Sapientem
761 892 790 939 et
803 882 910 939 bonum
924 886 941 935 5

125 979 219 1035 virum
245 979 396 1056 fingimus:
424 979 460 1035 de
481 978 541 1054 ejus
568 978 774 1035 deliberatione
794 989 823 1036 et
843 961 911 1035 ‹2011-¹

124 1074 282 1132 sultatioue
303 1075 463 1150 querimus,
478 1075 527 1149 qui
547 1075 691 1132 celaturus
707 1073 837 1133 Rhodios
851 1093 910 1132 non

124 1170 173 1242 sit,
194 1171 219 1228 si
240 1171 271 1228 id
290 1182 373 1246 turpe
391 1171 518 1247 judioet3
546 1172 597 1228 sed
617 1171 739 1243 dubitet,
759 1181 842 1247 turpe
862 1170 909 1243 sit,

126 1284 163 1325 an
177 1286 236 1326 non
250 1268 294 1325 sit.

163 1362 200 1420 In
215 1363 377 1439 hujusmodi
391 1362 497 1434 causis,
512 1363 590 1421 aliud
611 1363 736 1441 Diogeni
750 1364 910 1440 Babylonio
925 1366 956 1415 1⁰

124 1458 218 1517 videri
238 1460 320 1531 solet,
335 1478 439 1537 magno
459 1470 488 1517 et
508 1460 587 1536 gravi
608 1461 720 1532 Stoico,
736 1461 812 1519 uliud
827 1461 911 1518 Anti·

122 1566 218 1631 patro,
233 1555 374 1631 discipulo
394 1557 465 1632 ejus,
480 1555 591 1634 homini
612 1555 786 1615 acutissimo.
827 1557 911 1614 Auti-
983 1561 985 1574 '

123 1661 218 1727 patro,
238 1652 337 1710 omnia
354 1652 564 1728 patefacienda,
585 1664 616 1710 ut
636 1653 760 1729 nequid
781 1653 909 1726 omnino,

125 1748 204 1822 quod
224 1748 354 1806 venditor
374 1747 460 1819 norit,
481 1759 593 1823 emptor
617 1748 745 1826 ignoret:
774 1749 909 1826 Diogeni,

124 1843 314 1916 venditorem,
328 1844 469 1919 quatenus
486 1845 551 1920 jure
571 1846 648 1903 civili
663 1847 849 1904 constitutum
864 1847 909 1918 sit,
925 1850 957 1899 15

124 1938 224 1997 dicere
238 1939 307 1997 vitia
319 1949 468 2014 oportere:
489 1950 594 1998 estere
607 1940 670 1997 siue
684 1941 795 1998 insidiis
810 1960 909 2018 agere:

123 2045 164 2106 et,
178 2035 313 2111 quoniam
333 2035 447 2108 vendat,
463 2037 534 2093 velle
550 2055 635 2110 quam
656 2036 762 2111 optime
776 2038 908 2095 vendere.

123 2130 249 2202 Advexi,
263 2131 390 2207 exposui,
404 2132 497 2189 vendo
517 2150 613 2189 meum
633 2147 690 2189 non
710 2130 809 2207 pluris,
824 2152 909 2207 quam

122 2227 240 2285 caeteri:
268 2227 386 2286 fortasse
406 2227 492 2285 etiam
514 2227 643 2298 minoris,
664 2246 730 2283 cum
755 2228 845 2304 major
866 2237 909 2285 est

123 2322 218 2399 copia„
272 2323 329 2381 Cui
361 2324 393 2381 fit
426 2322 550 2399 injuriat
603 2322 737 2380 Exoritur
763 2322 909 2398 Antipatri
924 2329 956 2380 2⁰

121 2420 199 2478 ratio
219 2439 256 2477 ex
276 2420 365 2480 altere
383 2430 481 2495 parte:
502 2418 585 2481 Quid
602 2419 662 2476 aist
683 2429 724 2490 tu,
740 2439 806 2477 oum
821 2420 911 2477 homi·

122 2516 210 2574 nibus
244 2515 395 2574 consulere
427 2516 541 2586 debeas,
576 2525 605 2571 et
638 2515 745 2572 servire
778 2515 910 2573 humane

122 2613 267 2680 societati,
292 2612 384 2687 eique
410 2612 476 2688 lege
502 2622 587 2669 natus
613 2612 663 2682 sis,
687 2622 715 2669 et
742 2630 778 2669 ea
804 2612 910 2669 habeas

122 2707 267 2783 principia
288 2718 408 2778 naturae,
429 2707 533 2782 quibus
558 2725 669 2781 parere,
691 2716 721 2763 et
743 2726 805 2782 quae
829 2707 909 2782 sequi

123 2802 241 2874 debeas,
269 2814 301 2861 ut
326 2803 435 2861 utilitas
461 2812 511 2860 tua
539 2803 700 2860 communis
727 2802 836 2860 utilitas
862 2804 908 2876 sit,
923 2816 955 2864 25
1010 2843 1013 2865 1

121 2899 309 2974 vicissimque
336 2899 496 2957 eommunis
523 2899 632 2957 utilitas
656 2898 776 2969 tussit,
801 2899 911 2957 celabis

122 2994 267 3067 homines,
282 2995 351 3071 quid
371 2996 407 3053 iis
428 2995 502 3056 adsit
522 2994 733 3054 eommoditatis
751 3004 781 3052 et
799 2995 910 3071 sopiret

112 3090 329 3182 ,Respondebit
354 3091 503 3167 Diogenes
528 3091 648 3150 fortasse
673 3090 727 3163 sio,
751 3090 841 3149 Aliud
867 3085 922 3148 est'
