2167 3609
127 335 168 400 80
253 382 256 388 r
466 345 510 394 nn
529 345 676 398 osricus.
899 346 938 407 [a.
950 346 969 393 ι.

174 514 237 555 rum
251 496 415 573 pulchrum,
429 495 586 554 Perielel''
629 496 696 553 “At
710 492 788 552 enim
803 505 968 570 pretorem,

174 594 331 670 Sophocle,
352 595 446 666 decet,
467 612 527 651 non
553 592 646 650 solum
667 612 780 663 manus,
801 592 852 648 sed
878 592 968 648 etiarn

173 691 284 762 oeulos,
311 691 488 748 abstinentes
512 690 647 747 habere.''
689 690 791 764 Atque·
809 689 867 747 hoo
889 689 967 746 idem

174 787 335 863 Sophocles
356 787 380 844 si
401 786 431 846 in
453 787 626 844 athletarum
645 786 817 862 probatione
837 785 967 855 dixisset,

144 890 161 939 5
171 884 249 961 justi
275 883 499 960 reprehensione
527 883 684 941 caruisset:
712 892 793 939 tanta
811 882 853 938 vis
873 891 917 938 est
937 891 968 938 et

174 980 243 1052 loei,
265 991 294 1038 et
313 980 458 1057 temporis.
499 979 539 1038 Ut
559 979 584 1036 si
604 979 678 1055 quis,
699 998 766 1035 eum
791 996 908 1036 eausam
929 978 968 1035 sit

175 1089 301 1150 aeturus,
323 1077 353 1136 in
378 1078 492 1149 itinere,
515 1086 564 1135 aut
587 1076 618 1133 in
639 1075 844 1146 ambulatione,
865 1093 966 1132 seeum

175 1174 236 1250 ipse
271 1175 435 1246 meditetur,
472 1183 520 1231 aut
554 1174 578 1230 si
613 1171 682 1248 quid
717 1171 794 1229 aliud
829 1171 967 1230 attentius

176 1271 294 1347 cogitet,
315 1289 375 1328 non
395 1270 636 1346 reprehendatur:
665 1279 693 1326 at
715 1267 771 1326 hoe
791 1268 869 1324 idern
889 1267 914 1324 si
935 1267 966 1324 in

131 1374 162 1424 10
176 1366 309 1424 convivio
333 1366 431 1439 faeiat,
453 1367 628 1423 inhumanus
649 1366 788 1437 videatur,
810 1364 967 1422 inscientia

175 1464 319 1540 temporis.

215 1560 275 1617 Sed
299 1579 343 1633 ea,
365 1579 428 1637 quae
452 1560 573 1618 multum
599 1562 635 1618 ab
658 1559 836 1617 humanitate
859 1558 967 1616 disere·

175 1667 253 1736 pant,
275 1666 316 1729 ut,
337 1657 362 1714 si
385 1657 448 1734 quis
468 1658 498 1716 in
519 1659 582 1716 foro
604 1667 711 1729 cantet,
733 1667 782 1714 aut
801 1656 826 1714 si
845 1674 903 1732 qua
922 1665 967 1713 est

177 1753 233 1811 alia
259 1772 365 1830 magna
397 1754 578 1830 perversitas,
607 1754 691 1812 faeile
724 1763 875 1829 apparent3
909 1771 968 1811 neo

131 1855 162 1905 15
176 1868 350 1927 magnopere
378 1851 603 1910 admonitionem
630 1861 659 1912 et
685 1861 829 1926 praeeepta
855 1850 968 1907 deside-

176 1957 249 2004 rant.
289 1946 366 2009 Quae
389 1957 484 2005 autem
504 1966 592 2023 parva
613 1948 744 2006 videntur
765 1966 828 2004 esse
848 1946 966 2018 delicta,

176 2062 270 2118 neque
285 2044 412 2101 amultis
433 2044 556 2121 intelligi
575 2053 706 2119 possunt,
728 2044 764 2102 ab
784 2044 819 2101 iis
839 2054 883 2101 est
903 2042 968 2100 dili·

176 2140 291 2217 gentius
317 2141 532 2199 declinandum.
586 2140 626 2199 Ut
653 2140 683 2198 in
716 2140 830 2212 fidibus,
859 2150 908 2198 aut
936 2140 968 2198 in

175 2237 265 2310 tibiis,
288 2238 417 2314 quamvis
439 2229 557 2315 paulum
583 2238 757 2314 discrepent,
778 2247 875 2295 tamen
898 2237 927 2294 id
950 2256 969 2295 a

130 2336 162 2388 2⁰
176 2334 287 2392 sciente
309 2335 496 2393 animadverti
516 2335 607 2405 solet;
632 2334 675 2392 sie
696 2334 851 2391 videndum
871 2343 915 2391 est
936 2334 967 2392 in

175 2431 244 2503 vita,
265 2451 302 2488 ne
324 2432 397 2489 forte
418 2431 487 2506 quid
508 2431 667 2507 discrepet;
695 2431 739 2488 vel
761 2431 852 2489 multo
878 2430 968 2489 etiam

175 2527 277 2603 magis,
306 2546 363 2602 quo
394 2528 483 2604 major
509 2538 538 2585 et
564 2529 666 2585 melior
701 2528 846 2587 actionum
880 2546 968 2603 qnam

176 2633 313 2680 sonorum
327 2634 489 2682 concentus
503 2634 555 2682 est.

214 2814 295 2874 XLI.
316 2816 428 2893 Itaque,
452 2829 484 2876 ut
508 2819 537 2876 in
558 2819 663 2876 fidibus
682 2817 860 2877 musicorum
882 2836 967 2876 aures

130 2926 162 2979 25
175 2910 219 2969 vel
241 2912 360 2972 minima
380 2915 523 2987 sentiunt;
545 2916 589 2973 sie
609 2933 672 2987 nos,
693 2915 718 2973 si
741 2934 823 2973 aeres
847 2933 882 2972 ao
902 2914 967 2972 dili·

176 3017 277 3086 gentes
300 3027 361 3067 esse
388 3011 520 3069 volumus
547 3012 792 3070 animadversores
819 3010 966 3084 vitiorum,

176 3122 281 3185 magna
300 3125 375 3185 sape
395 3108 589 3189 intelligemus
609 3127 646 3176 ea
663 3108 767 3187 parvis.
809 3109 855 3171 Ex
868 3108 965 3169 ooulo
