2167 3609
107 355 177 418 nr]
400 358 443 405 na
463 355 608 406 osricus
902 347 943 406 77

106 504 217 563 claram
239 504 410 564 adificdsset
423 505 453 565 in
467 506 590 579 Palatio,
604 516 633 564 et
646 503 759 584 plenam
773 507 896 585 dignita·

108 601 145 658 tis
159 602 294 672 domum;
316 621 379 677 quae
398 622 465 660 cum
478 602 565 679 vulgo
579 603 726 675 viseretur,
741 605 897 681 suffragata

108 697 237 769 domino,
252 715 327 754 novo
347 696 467 768 homini,
483 697 518 755 ad
533 699 713 757 consulatum
732 700 895 775 putabatur.

108 791 198 850 Hanc
219 793 348 850 Scaurus
367 792 530 865 demolitus,
552 795 748 852 accessionem
769 795 896 871 adjunxit

108 889 229 945 sedibus.
271 885 372 963 Itaque
386 888 434 946 ille
448 889 478 946 in
491 908 572 946 suom
583 888 700 946 domum
716 891 927 948 consulatum5

108 984 220 1060 primus
248 984 359 1042 attulit:
393 984 451 1056 hic,
478 985 582 1042 summi
611 994 640 1042 et
665 986 816 1044 clarissimi
842 987 895 1043 viri

110 1080 197 1151 filius,
218 1080 248 1137 in
276 1081 391 1139 domum
418 1081 648 1157 multiplicatam,
668 1099 728 1138 non
754 1082 897 1157 repulsam

111 1176 204 1234 solum
226 1177 333 1248 retulit,
355 1177 405 1235 sed
427 1177 625 1255 ignominiam,
644 1177 731 1235 etiam
751 1177 898 1235 calamita·
979 1245 983 1252 ,

110 1282 178 1329 tem.
220 1272 359 1331 Ornanda
378 1283 422 1330 est
441 1273 518 1332 enim
539 1273 665 1350 dignitas
678 1273 774 1345 domo,
788 1291 847 1331 non
861 1291 897 1330 ex

111 1369 196 1427 domo
215 1379 276 1426 tota
296 1371 466 1445 quaerenda:
493 1388 550 1427 nec
570 1370 655 1428 domo
681 1369 825 1441 dominus,
845 1369 896 1426 sed
912 1374 943 1424 10

110 1465 230 1522 domino
244 1466 347 1522 domus
361 1466 537 1523 honestanda
549 1475 601 1523 est.
636 1465 683 1536 Et,
694 1475 726 1523 ut
740 1465 770 1524 in
784 1465 896 1523 caeteris

111 1562 245 1620 habenda
257 1562 332 1619 ratio
345 1580 404 1620 non
418 1561 463 1619 sui
476 1561 580 1632 solum,
594 1562 644 1619 sed
658 1562 744 1619 etiam
759 1562 895 1633 aliorum3

110 1658 155 1716 sic
175 1658 206 1715 in
226 1660 313 1715 domo
333 1658 404 1715 clari
424 1656 559 1729 hominis,
573 1658 604 1715 iu
623 1676 708 1732 quam
726 1668 755 1714 et
767 1657 896 1733 hospites

110 1750 195 1812 mirlti
214 1754 385 1831 recipiendi,
400 1764 428 1811 et
443 1753 619 1812 admittenda
639 1753 788 1812 hominum
802 1754 896 1830 cujus·

110 1870 167 1927 que
182 1851 260 1908 modi
271 1850 434 1922 multitudo,
447 1849 609 1908 adhibenda
618 1861 662 1908 est
672 1869 742 1909 cura
755 1851 894 1908 laxitatis:
911 1858 942 1908 15

110 1948 194 2006 aliter
214 1948 309 2023 ampla
327 1947 430 2004 domus
446 1947 582 2005 dedecori
595 1948 713 2005 domino
727 1966 802 2023 sepe
815 1947 856 2019 fit,
870 1946 896 2004 si

109 2055 155 2102 est
167 2045 199 2104 in
213 2045 248 2102 ed
263 2044 404 2113 solitudo;
425 2052 455 2102 et
474 2043 609 2115 maxime,
622 2043 648 2101 si
662 2044 825 2118 aliquando,
841 2043 896 2101 alio
918 2095 920 2100 ,

109 2142 240 2212 domino,
267 2141 351 2199 solita
376 2151 420 2199 est
449 2140 632 2215 frequentari.
686 2139 826 2198 Odiosum
852 2148 896 2196 est

108 2239 199 2311 enim,
214 2257 281 2296 cnm
297 2237 564 2315 apraetereuntibns
578 2236 700 2292 dicitur:

140 2393 156 2419 ‘⁴
166 2388 190 2437 Ο
201 2387 291 2436 domus
301 2388 415 2450 antiqua!
433 2386 497 2435 heu!
515 2400 590 2449 quam
605 2382 695 2446 dispari
711 2382 837 2431 dominare
853 2380 895 2430 do·

204 2468 306 2517 mino!”

909 2437 943 2488 20

109 2621 189 2698 quod
216 2621 342 2697 quidem,
367 2620 412 2677 his
434 2620 622 2696 temporibus,
647 2619 677 2677 in
703 2618 801 2676 multis
827 2617 896 2676 licet

110 2719 218 2777 dicere.
261 2718 429 2775 Cavendum
445 2725 541 2774 autem
558 2726 611 2788 est,
625 2715 782 2793 praesertim
796 2714 821 2771 si
834 2714 896 2790 ipse

110 2815 248 2886 aedifices,
258 2833 295 2873 ne
303 2825 384 2872 extra
391 2814 508 2871 modum
519 2822 634 2887 sumptu
643 2822 672 2870 et
680 2809 896 2888 magnificentid

108 2912 250 2988 prodeas:
272 2911 379 2987 quoin
400 2928 506 2988 genere
528 2908 649 2966 multum
670 2906 738 2964 mali
758 2906 845 2965 etiam
865 2905 896 2963 iu

109 3008 244 3084 exemplo
257 3018 309 3067 est.
351 3007 486 3066 Studiose
499 3005 578 3065 enim
590 3003 728 3079 plerique,
739 3002 896 3079 presertim
910 3011 943 3062 ὕ

108 3103 141 3163 in
162 3104 241 3163 hanc
260 3115 380 3182 partem,
402 3103 478 3162 sacta
495 3100 659 3180 principum
677 3099 843 3158 imitantur:
864 3105 898 3153 nt

349 3200 395 3260 70
