2167 3609
153 350 191 410 10
488 362 531 409 nn
551 362 696 411 ornans.
918 365 957 424 [t.
966 370 986 417 1.

198 525 282 566 omne
295 518 465 585 pervertant.
507 509 586 567 Nam
599 511 649 585 qui
662 529 805 569 summam
818 511 926 569 bonum
940 512 984 570 sic

199 604 332 677 instituit,
342 615 374 662 nt
387 605 459 662 nihil
474 606 579 663 habeat
589 626 657 664 cum
667 608 771 665 virtute
781 608 985 684 conjunctum

199 700 286 775 idque
309 700 369 758 suis
395 701 564 773 commodis,
585 721 645 760 non
672 704 832 776 honestate,
853 704 986 775 metitur;

201 797 260 869 hic,
274 796 299 854 si
313 797 368 855 sibi
383 797 444 873 ipse
458 798 630 870 consentiat,
645 808 675 856 et
694 818 753 857 non
774 800 924 857 interdum*
937 817 989 856 na·

168 900 272 952 bturae
293 893 422 951 bonitate
442 894 584 965 vincatur,
599 913 694 969 neque
715 896 871 953 amicitiam
890 894 988 953 colere

199 991 298 1068 possit,
319 1009 375 1048 nec
392 990 542 1067 justitiam,
563 1009 619 1047 neo
638 990 848 1049 liberalitatem.
889 991 987 1049 Fortis

200 1105 277 1160 vero,
305 1087 432 1145 dolorem
459 1105 602 1145 summum
628 1088 734 1144 malum
758 1087 908 1163 judicans;
939 1096 988 1145 aut

201 1194 374 1260 temperans,
385 1183 558 1259 voluptatem
573 1202 715 1241 summum
729 1183 834 1241 bonnm
848 1192 987 1256 statuens,

201 1299 264 1337 esse
281 1290 360 1338 certe
380 1280 461 1336 nullo
481 1280 566 1338 modo
585 1290 688 1356 potest.
728 1279 804 1341 Quae
824 1298 988 1354 quanquam

154 1382 185 1433 10
200 1375 241 1434 ita
254 1385 320 1433 sant
331 1376 513 1452 inpromptu,
524 1386 556 1433 ut
566 1395 612 1433 res
623 1376 814 1451 disputatione
824 1394 881 1433 non
892 1386 986 1453 egeat,

199 1481 295 1529 tamen
310 1480 377 1529 sunt
391 1491 408 1529 a
421 1473 506 1530 nobis
521 1473 578 1529 alio
591 1472 658 1530 loco
670 1472 820 1548 disputata
862 1472 917 1530 Hae
931 1473 989 1530 dis·

198 1566 313 1644 ciplinae
329 1566 427 1644 igitur,
442 1568 467 1624 ai
480 1567 536 1625 sibi
551 1578 751 1626 consentaneae
764 1586 828 1625 ease
841 1567 938 1639 velint,
950 1568 988 1626 de

197 1662 294 1722 officio
317 1663 389 1721 nihil
416 1674 522 1739 queant
550 1665 663 1721 dicere:
697 1683 792 1739 neque
814 1664 874 1722 ulla
898 1664 987 1722 offleii

197 1770 342 1837 praecepta
358 1760 449 1832 firma,
464 1760 588 1832 stabilia,
604 1760 760 1836 conjuncta
779 1770 898 1832 natura,
913 1760 986 1818 tradi

153 1872 184 1922 15
197 1866 326 1934 possunt,
341 1856 400 1914 nisi
415 1867 464 1914 aut
478 1858 513 1914 ab
527 1857 564 1914 iis
577 1856 626 1932 qui
646 1856 746 1927 solam,
762 1866 810 1913 aut
831 1857 867 1913 ab
888 1857 924 1914 iis
937 1857 987 1932 qui

158 1985 163 1988 ·
198 1954 332 2025 maxime,
347 1955 527 2010 honestatem
546 1962 662 2028 propter
682 1971 713 2009 se
734 1952 832 2009 dicant
852 1964 987 2029 expeten-

199 2049 275 2107 dam.
316 2048 418 2124 ltaque
443 2048 557 2126 propria
577 2059 620 2106 est
640 2067 675 2107 ea
694 2049 847 2125 praeceptio
873 2051 987 2107 Stoico·

197 2164 272 2217 rum,
284 2145 538 2213 Academicorum,
553 2144 830 2220 Peripateticorum:
851 2146 986 2221 quoniam

199 2242 353 2315 Aristonis,
367 2243 531 2319 Pyrrhonis,
547 2242 662 2314 Herilli,
674 2242 733 2318 jam
746 2242 856 2319 pridem
870 2242 986 2317 explosa

151 2347 183 2400 20
198 2340 342 2397 sententia
354 2349 414 2410 est3
436 2339 484 2415 qui
497 2350 595 2396 tamen
616 2338 755 2412 haberent
766 2339 813 2414 jus
833 2356 915 2395 suum
929 2336 986 2394 dis-

197 2434 318 2510 putandi
338 2435 374 2492 de
393 2435 500 2505 officio,
521 2434 546 2490 ai
567 2451 663 2491 rerum
691 2434 814 2508 aliquem
842 2434 986 2491 delectum

198 2528 391 2603 reliquissent,
407 2538 437 2584 ut
458 2528 494 2585 ad
515 2528 604 2585 officii
624 2528 817 2587 inventionem
836 2530 929 2587 aditus
942 2548 986 2587 es-

197 2634 248 2682 set.
290 2625 449 2698 Sequemur
476 2624 562 2702 igitur
583 2625 640 2682 hoc
660 2626 775 2700 quidem
796 2636 934 2703 tempore,
955 2636 985 2684 et

198 2719 253 2777 hae
274 2720 305 2776 in
326 2720 491 2795 quaestione,
515 2721 695 2797 potissimam
722 2723 846 2793 Stoicos,
868 2740 926 2780 non
953 2731 986 2780 ut

150 2823 183 2874 at
197 2816 381 2892 interpretem
402 2817 453 2874 sed
473 2816 519 2894 (ut
538 2817 709 2898 solemus)e
729 2818 854 2876 fontibus
873 2835 983 2890 eorum,

195 2911 305 2989 judicio
316 2912 489 2988 arbitrioque
499 2924 606 2987 nostro,
617 2924 754 2990 quantum
765 2930 887 2988 quo-que
897 2913 982 2973 modo

195 3008 349 3082 videbitur,
364 3010 536 3068 hauriemus.

235 3102 336 3165 Placet
362 3105 459 3184 igitur,
483 3106 618 3184 quoniam
643 3105 736 3165 omnis
762 3103 918 3184 disputatio
942 3104 981 3164 (lc
