2167 3609
137 348 194 408 136
467 362 510 407 ou
533 361 677 409 euricus.
886 360 970 420 [un.

181 508 258 579 bant,
276 519 305 565 et
325 527 424 566 eorum
445 510 494 584 qui
515 530 567 567 sua
588 510 756 567 amiserant:
776 508 968 585 perfeeitque,

181 605 355 662 aestimandis
373 608 612 680 possessionibus,
634 618 665 664 ut
684 608 869 682 persuaderet
893 607 968 677 aliis,

180 711 213 757 ut
238 703 391 776 pecuniam
420 704 551 778 accipere
582 703 708 775 mallent,
736 702 969 778 possessionibus

181 798 333 869 oederent;
357 799 429 870 aliie,
451 809 482 855 ut
503 800 683 856 commodius
703 808 845 875 putarent,
867 816 970 855 nume-

150 895 238 951 5rari
258 894 322 966 sibi,
343 896 420 970 quod
441 896 512 952 tanti
533 906 617 967 esset,
639 915 724 970 quam
744 914 828 951 suum
848 914 969 970 recupe-

181 1009 253 1050 rare.
296 992 341 1050 lta
365 993 523 1069 perfeetum
552 1003 604 1064 est,
625 1003 657 1048 ut
678 1011 788 1064 omnes,
810 991 969 1049 eoncordid

182 1090 349 1160 constituta,
364 1090 426 1147 sine
440 1090 555 1163 querela
567 1089 759 1146 discederent.

220 1185 248 1243 Ο
268 1186 359 1242 virum
380 1205 525 1262 magnum,
541 1186 726 1262 dignumque,
748 1184 797 1259 qui
818 1184 848 1241 in
868 1185 969 1243 nostre

181 1282 330 1357 republica
350 1292 434 1339 natus
455 1284 545 1339 esset!
589 1282 639 1338 sto
658 1301 708 1358 par
729 1292 772 1338 est
793 1300 877 1358 agere
900 1300 968 1339 oum

137 1381 168 1430 10
182 1379 302 1449 civibus,
317 1397 375 1434 non
391 1376 437 1454 (ut
451 1378 494 1433 bis
512 1379 570 1453 jam
585 1378 720 1457 vidimus)
736 1379 846 1434 hastam
860 1378 889 1434 in
905 1377 968 1434 foro

181 1492 299 1550 ponere,
314 1484 342 1530 et
357 1475 433 1532 bona
451 1475 557 1530 civium
572 1474 637 1531 vooi
658 1475 799 1550 subjicere
815 1474 968 1549 praeconis.

183 1572 224 1628 At
244 1571 291 1627 ille
311 1572 431 1627 Graecus
452 1570 505 1647 (id,
521 1572 597 1646 quod
618 1571 671 1629 fuit
691 1571 828 1647 sapientis
848 1580 877 1627 et
898 1590 970 1646 prte-

183 1668 284 1725 stantis
305 1668 370 1747 viri)
392 1668 524 1726 omnibus
546 1668 754 1726 consulendum
773 1668 900 1743 putavit:
922 1687 971 1726 ea·

183 1782 239 1839 que
265 1774 308 1820 est
335 1783 445 1821 summa
471 1765 544 1821 ratio
570 1775 598 1821 et
625 1764 765 1839 sapientia
788 1764 857 1821 boni
885 1764 968 1836 civis,

133 1863 169 1913 '15
184 1861 336 1918 commoda
362 1860 466 1918 civium
498 1880 558 1917 nou
585 1861 729 1932 divellere,
757 1871 839 1936 atque
866 1880 969 1918 omnes

184 1957 316 2032 aequitate
343 1957 444 2013 eadem
468 1957 625 2014 continere.
667 1956 807 2014 Habitant
827 1957 917 2033 gratis
939 1958 970 2015 in

185 2054 286 2111 alieno.
327 2054 408 2115 Quid
427 2037 486 2110 ita?
526 2053 574 2124 Ut,
590 2072 656 2110 eum
670 2072 725 2130 ego
738 2053 866 2125 emerim,
882 2054 971 2111 aedifi-

128 2218 131 2225 .
184 2151 284 2221 emim,
306 2161 396 2221 tuear,
419 2150 591 2225 impendam,
612 2159 653 2220 tu,
674 2169 720 2206 me
748 2150 847 2220 invito,
873 2149 970 2207 fruare

184 2249 269 2304 meo?
308 2247 390 2308 Quid
417 2257 460 2302 est
488 2246 574 2317 aliud,
597 2246 660 2303 aliis
686 2266 738 2303 sua
761 2246 881 2321 eripere,
906 2246 970 2303 aliis

138 2350 170 2399 20
185 2345 253 2401 dare
274 2344 385 2401 alienat
426 2342 548 2399 Tabulae
569 2361 636 2400 vero
658 2361 738 2399 novae
765 2343 832 2417 quid
860 2342 970 2399 habent

184 2440 354 2516 argumenti,
369 2439 435 2509 nisi,
450 2448 481 2496 ut
501 2458 580 2496 emas
599 2439 664 2496 med
683 2439 808 2515 pecunid
829 2438 968 2510 fundum3

183 2555 249 2593 eum
263 2546 294 2596 tu
309 2536 423 2607 habeas,
439 2554 494 2612 ego
507 2539 567 2592 no'n
580 2535 702 2593 habeam
715 2535 889 2611 pecuniam?

223 2727 335 2786 XXIV.
357 2727 566 2797 Quamobrem,
581 2748 618 2786 ne
632 2728 668 2785 sit
686 2747 724 2785 aes
745 2727 869 2784 alienum
891 2730 970 2802 quod

184 2822 349 2897 reipublicae
370 2834 481 2895 noceat,
496 2824 703 2900 providendum
724 2833 782 2893 est;
804 2822 881 2898 quod
898 2822 971 2880 mul·

140 2918 221 2979 25tis
240 2918 399 2975 rationibus
426 2920 520 2976 caveri
547 2930 656 2994 potest3
684 2938 753 2990 non,
775 2919 800 2976 si
820 2919 916 2989 suerit,
937 2932 971 2976 ut

184 3013 340 3087 loeupletes
373 3034 456 3072 suurn
482 3016 613 3090 perdant,
641 3015 786 3073 debitores
819 3014 970 3072 lucrentur

186 3109 327 3167 alienum:
355 3128 411 3168 neo
436 3111 513 3169 enim
533 3110 593 3169 ulla
611 3130 658 3169 res
677 3111 876 3170 vehementius
896 3129 971 3169 rem·
