2167 3609
158 351 215 423 ns
374 427 376 431 μ
489 358 532 405 oa
554 358 697 405 omrons.
892 353 987 417 [nm.

202 507 349 583 exemplis,
377 507 408 563 in
433 506 537 582 quibus
563 507 679 583 peccari
705 504 807 582 vulgus
835 506 985 562 hominum

203 603 322 659 sortasse
349 622 407 659 non
433 613 523 679 putat.
564 603 667 678 Neque
695 603 773 659 enim
799 602 836 658 de
862 602 986 672 sicariis,

202 700 347 770 veneficis,
368 700 597 770 testamentariis,
623 698 742 769 furibus,
763 698 986 774 peculatoribus,

203 794 259 852 hoo
279 796 345 852 loco
365 795 560 852 disserendum
582 806 641 865 est;
662 795 787 871 quinon
807 795 900 851 verbis
920 803 987 851 sunt

171 901 232 951 bet
255 892 447 966 disputatione
470 892 713 967 philosophorum,
738 891 788 948 sed
811 891 934 948 vineolis
958 899 987 948 et

203 1005 330 1059 earcere,
345 987 499 1065 fatigandi:
523 988 573 1044 sed
594 988 656 1045 haeo
676 988 901 1061 consideremus,
922 1005 987 1062 quae

203 1084 313 1142 faciunt
327 1084 357 1155 ii,
372 1085 421 1159 qui
436 1086 576 1141 habentur
590 1084 665 1141 boui.

242 1180 327 1238 Lucii
348 1180 472 1238 Minucii
492 1180 592 1251 Basili,
607 1179 758 1255 locupletis
778 1180 913 1250 hominis,
936 1179 989 1236 fol-

203 1295 267 1333 sum
293 1287 494 1333 testamentum
528 1276 642 1350 quidam
670 1295 687 1332 e
713 1276 827 1333 Graeeib
860 1275 988 1332 Romam

158 1383 189 1433 10
205 1372 375 1430 attulerunt:
399 1373 475 1447 quod
496 1392 553 1446 quo
573 1372 687 1432 facilius
706 1372 877 1442 obtinerent,
899 1372 989 1448 scrip

203 1479 299 1525 serunt
319 1468 446 1526 haeredes
466 1487 563 1525 seeum
585 1467 626 1525 M.
648 1468 783 1525 Crassum
804 1479 833 1523 et
852 1468 892 1529 Q.
912 1467 990 1524 Hor·

203 1564 337 1635 tensium,
352 1563 482 1621 homines
501 1563 629 1639 ejusdem
648 1564 739 1620 aetatis
756 1564 987 1638 potentissimos;

204 1660 263 1734 qui,
288 1678 353 1716 oum
377 1660 447 1717 illud
471 1660 572 1716 salsum
597 1678 660 1715 esse
686 1660 907 1735 suspicarentur,
932 1659 988 1716 sibi

205 1764 300 1812 autem
319 1754 426 1812 nullius
445 1767 541 1812 essent
562 1756 673 1813 eonseii
694 1757 797 1831 eulpae,
813 1756 898 1812 alieni
919 1756 990 1813 faoi-

158 1867 188 1916 15
203 1849 282 1907 noris
309 1851 509 1908 munusculum
536 1871 595 1908 non
624 1852 853 1926 repudiaverunt.
902 1851 989 1914 Quid

203 1946 293 2022 ergol
319 1946 401 2004 satin'
423 1947 479 2004 hoe
500 1959 553 2019 est,
572 1958 603 2004 ut
623 1967 679 2006 non
700 1948 853 2022 deliquisse
872 1948 990 2005 videan-

203 2043 269 2100 turl
321 2041 396 2100 Mihi
429 2045 545 2118 quidem
576 2063 635 2100 non
661 2045 789 2115 videtur;
824 2062 988 2118 quanquam

205 2138 325 2196 alterum
340 2141 430 2197 amavi
444 2141 548 2213 vivum,
565 2139 684 2197 alterum
698 2159 756 2197 non
771 2141 818 2197 odi
833 2150 987 2197 mortuum.

205 2237 263 2294 Sed
291 2255 358 2294 oum
384 2237 497 2294 Basilus
524 2235 565 2292 M.
592 2237 727 2308 Satrium,
752 2237 859 2293 sororis
885 2236 988 2306 filium,

156 2353 189 2401 20
204 2351 309 2389 nomen
336 2352 419 2390 suum
447 2333 520 2389 ferre
547 2332 692 2404 voluisset,
720 2352 841 2408 eumque
872 2332 990 2389 fecisset

87 2421 90 2424 ⁵
204 2428 355 2499 heredem,
370 2428 488 2487 “Hunc
508 2428 575 2485 dieo
595 2439 744 2505 patronum
764 2430 824 2506 agri
843 2429 945 2486 Piceni
959 2439 990 2485 et

204 2523 333 2594 Sabini,''
356 2522 389 2599 (o
408 2533 520 2598 turpem
540 2534 637 2581 notam
658 2536 818 2600 temporum
839 2525 988 2603 illorum!)

203 2638 271 2676 num
286 2630 347 2676 erat
361 2638 482 2694 aequum,
495 2620 640 2696 principes
655 2621 731 2678 cives
744 2639 804 2677 rem
819 2622 936 2692 habere,
954 2621 988 2678 ad

204 2715 330 2772 Satrium
350 2714 432 2787 nibil,
452 2726 555 2791 praeter
579 2734 694 2788 nomen,
715 2718 883 2793 pervenirel
939 2718 992 2775 Et-

156 2826 189 2876 25
203 2810 290 2880 enim,
316 2811 340 2867 si
364 2811 398 2882 is,
420 2813 469 2887 qui
491 2831 550 2869 non
575 2813 703 2870 defendit
726 2813 869 2889 injuriam,
895 2833 991 2890 neque

202 2903 348 2978 propulsat
372 2925 389 2963 a
412 2907 480 2977 suis,
504 2926 572 2963 eum
594 2918 697 2983 potest,
719 2909 823 2984 injuste
848 2909 919 2966 facit
944 2909 992 2986 (ut

203 2997 234 3055 in
251 2997 343 3071 primo
359 3000 432 3060 libro
449 3002 596 3082 disserui),
611 3004 704 3078 qualis
723 3004 870 3062 habendus
890 3017 935 3063 est
955 3006 990 3076 is,

203 3090 252 3168 qui
275 3108 333 3150 non
357 3096 443 3154 modo
466 3115 524 3155 non
545 3099 666 3174 repellit,
686 3100 737 3157 sed
761 3101 847 3157 etiam
873 3101 992 3177 adjurat
