2167 3609
133 367 190 425 124
464 381 508 428 nn
530 379 675 427 omens.
883 380 972 440 [um

178 527 255 601 quod
269 547 287 585 a
299 527 470 586 iiberalitate
490 528 693 604 proficiscitur,
715 544 775 584 non
796 545 856 586 uno
876 527 971 585 modo

178 624 209 682 in
222 625 381 700 disparibus
396 626 490 682 causis
505 624 601 682 affecti
614 642 678 681 esse
692 624 840 681 debemus.

216 722 286 779 Alia
299 733 444 779 causaest
458 722 519 797 ejus
533 722 582 797 qui
596 720 760 777 calamitate
772 721 922 796 premitur,
937 731 967 779 et

178 817 240 893 ejus
263 818 313 893 qui
336 837 382 876 res
405 818 538 875 meliores
562 817 672 892 querit,
686 816 774 873 nullis
796 816 856 873 suis
877 818 967 874 rebus

146 916 163 965 5
179 913 312 972 adversis.
353 913 525 990 Propensior
544 914 706 989 benignitas
723 930 787 970 esse
803 911 921 970 debebit
934 913 966 970 in

178 1011 369 1082 calamitosos,
393 1010 449 1067 nisi
472 1009 546 1066 sorte
573 1017 657 1066 erunt
683 1007 765 1085 digni
790 1007 965 1066 calamitate.

177 1105 213 1163 In
236 1107 270 1163 iis
292 1117 387 1166 tamen
408 1106 458 1181 qui
479 1125 510 1163 se
531 1105 657 1181 adjuvari
679 1104 785 1175 volent,
807 1122 867 1160 non
881 1114 970 1161 utne

179 1203 350 1279 affligantur,
365 1203 416 1259 sed
431 1212 464 1259 ut
482 1202 612 1259 altiorem
633 1200 755 1278 gradum
775 1199 967 1273 adscendunt,

134 1337 142 1352 .
179 1299 302 1356 restricti
323 1299 441 1355 omnino
455 1316 519 1355 esse
532 1297 613 1355 nullo
626 1297 712 1355 modo
725 1296 864 1353 debemus
872 1316 880 1366 3
901 1296 965 1369 sed,

131 1406 163 1455 10
178 1393 209 1453 in
233 1394 394 1471 deligendis
421 1394 542 1465 idoneis,
565 1393 707 1470 judicium
731 1403 761 1450 et
783 1391 966 1469 diligentiam

179 1491 330 1561 adhibere;
351 1509 418 1548 nam
432 1491 568 1567 praeolare
582 1489 712 1547 Ennius:

262 1636 278 1664 “
287 1632 422 1682 Benefnotn
433 1633 496 1681 male
508 1635 596 1695 locata,
607 1631 738 1680 malefacta
749 1630 876 1681 arbitror.”

177 1778 268 1841 Quod
289 1788 384 1836 autem
403 1779 543 1837 tributum
563 1787 607 1834 est
622 1777 698 1834 bono
709 1776 772 1834 viro
785 1786 815 1833 et
828 1786 918 1853 grato,
933 1774 968 1835 in

123 1914 125 1917 ⁴
176 1893 214 1933 eo
228 1894 294 1933 oum
308 1894 345 1932 ex
357 1875 419 1951 ipso
433 1876 543 1933 fructus
557 1882 610 1945 est,
624 1883 686 1930 tum
700 1872 786 1930 etiam
799 1891 836 1929 ex
848 1873 964 1931 ceteris.

132 1984 163 2035 15
178 1972 355 2030 Temeritate
376 1971 454 2029 enirn
473 1969 593 2042 remoti,
608 1969 770 2047 gratissima
784 1979 828 2026 est
841 1968 966 2026 liberati·

177 2079 238 2127 tas:
273 2088 364 2144 eoque
390 2088 454 2126 eam
486 2066 641 2125 studiosius
673 2066 802 2141 plerique
834 2064 965 2138 laudant,

178 2166 255 2241 qnod
282 2165 386 2223 summi
413 2165 551 2241 cujusque
577 2162 691 2220 bonitas
718 2179 872 2220 oommnne
901 2180 967 2238 per·

178 2262 289 2340 fugium
303 2272 347 2319 est
359 2262 496 2320 omnium.
537 2259 643 2330 Danda
661 2258 749 2334 igitur
763 2276 850 2333 opera
863 2268 917 2331 est,
933 2268 966 2316 ut

178 2359 223 2416 his
237 2359 385 2417 beneficiis
401 2376 486 2432 quarn
504 2355 641 2431 plurimos
662 2354 829 2426 afficiamus,
843 2371 966 2429 quorum

131 2465 163 2515 20
178 2454 316 2511 memoria
347 2453 446 2509 liberis
477 2451 657 2528 posterisque
688 2450 835 2526 prodatur,
862 2459 895 2508 ut
928 2449 966 2507 iis

178 2549 298 2627 ingratis
311 2567 374 2605 esse
388 2567 445 2605 non
459 2547 554 2605 liceat.
595 2546 706 2603 Omnes
719 2547 797 2604 enim
817 2546 967 2603 immemo-

178 2665 239 2704 rem
259 2644 394 2703 benefioii
413 2644 552 2714 oderunt3
573 2661 695 2718 eamque
715 2642 849 2718 injuriam
866 2642 896 2699 in
917 2642 969 2699 de-

178 2741 312 2800 terrendi
324 2740 496 2799 liberalitate
510 2739 565 2797 sibi
580 2739 667 2796 etiarn
680 2737 752 2810 fieri,
767 2757 900 2813 eumque,
914 2738 967 2815 qui

179 2837 276 2908 faeiat,
292 2855 474 2894 communem
489 2837 599 2894 hostem
614 2835 778 2892 tenuiorum
791 2844 901 2911 putant.

132 2939 164 2989 25
217 2931 315 3005 Atque
335 2932 397 2988 haeo
418 2930 580 3007 benignitas
599 2930 686 2988 etiam
707 2929 872 3006 reipublioae
886 2929 969 2988 utilis

178 3037 232 3101 est,
245 3026 349 3085 redimi
361 3045 379 3085 e
392 3027 528 3085 servitute
542 3036 652 3102 captos,
665 3025 836 3102 locupletari
853 3025 972 3085 tenuio-
