<?xml version="1.0" encoding="UTF-8"?>
<!DOCTYPE html PUBLIC "-//W3C//DTD XHTML 1.0 Transitional//EN"
    "http://www.w3.org/TR/xhtml1/DTD/xhtml1-transitional.dtd">
<html xmlns="http://www.w3.org/1999/xhtml" xml:lang="en" lang="en">
 <head>
  <title>
</title>
<meta http-equiv="Content-Type" content="text/html;charset=utf-8" />
  <meta name='ocr-system' content='tesseract 3.04.00' />
  <meta name='ocr-capabilities' content='ocr_page ocr_carea ocr_par ocr_line ocrx_word'/>
</head>
<body>
  <div class='ocr_page' id='page_1' title='image "./mtciceronisdeof01dillgoog/mtciceronisdeof01dillgoog_0046.png"; bbox 0 0 2167 3609; ppageno 0'>
   <div class='ocr_carea' id='block_1_1' title="bbox 444 336 962 398">
    <p class='ocr_par' dir='ltr' id='par_1_1' title="bbox 444 336 962 398">
     <span class='ocr_line' id='line_1_1' title="bbox 444 336 962 398; baseline 0.004 -13"><span class='ocrx_word' id='word_1_1' title='bbox 444 338 488 386; x_wconf 82' lang='lat' dir='ltr'>ou</span> <span class='ocrx_word' id='word_1_2' title='bbox 510 338 656 386; x_wconf 74' lang='lat' dir='ltr'>osricus.</span> <span class='ocrx_word' id='word_1_3' title='bbox 881 337 926 398; x_wconf 79' lang='lat' dir='ltr'>[n.</span> <span class='ocrx_word' id='word_1_4' title='bbox 939 336 962 387; x_wconf 88' lang='lat'>1.</span> 
     </span>
    </p>
   </div>
   <div class='ocr_carea' id='block_1_2' title="bbox 120 486 963 1626">
    <p class='ocr_par' dir='ltr' id='par_1_2' title="bbox 167 486 963 854">
     <span class='ocr_line' id='line_1_2' title="bbox 168 486 963 572; baseline -0.004 -26"><span class='ocrx_word' id='word_1_5' title='bbox 168 488 219 566; x_wconf 91' lang='lat' dir='ltr'>qui</span> <span class='ocrx_word' id='word_1_6' title='bbox 239 487 359 560; x_wconf 84' lang='lat' dir='ltr'>faciunt,</span> <span class='ocrx_word' id='word_1_7' title='bbox 374 488 425 545; x_wconf 90' lang='lat' dir='ltr'>sed</span> <span class='ocrx_word' id='word_1_8' title='bbox 442 488 490 564; x_wconf 92' lang='lat' dir='ltr'>qui</span> <span class='ocrx_word' id='word_1_9' title='bbox 504 488 680 564; x_wconf 80' lang='lat' dir='ltr'><strong>propulsant,</strong></span> <span class='ocrx_word' id='word_1_10' title='bbox 695 487 839 572; x_wconf 83' lang='lat' dir='ltr'>injuriam.</span> <span class='ocrx_word' id='word_1_11' title='bbox 880 486 963 544; x_wconf 85' lang='lat' dir='ltr'>Vera</span> 
     </span>
     <span class='ocr_line' id='line_1_3' title="bbox 169 582 961 661; baseline -0.004 -18"><span class='ocrx_word' id='word_1_12' title='bbox 169 593 265 644; x_wconf 85' lang='lat' dir='ltr'>autern</span> <span class='ocrx_word' id='word_1_13' title='bbox 295 593 324 641; x_wconf 92' lang='lat' dir='ltr'>et</span> <span class='ocrx_word' id='word_1_14' title='bbox 351 584 464 661; x_wconf 89' lang='lat' dir='ltr'>sapiens</span> <span class='ocrx_word' id='word_1_15' title='bbox 492 584 582 641; x_wconf 91' lang='lat' dir='ltr'>animi</span> <span class='ocrx_word' id='word_1_16' title='bbox 609 584 779 660; x_wconf 80' lang='lat' dir='ltr'>magnitudo</span> <span class='ocrx_word' id='word_1_17' title='bbox 806 582 961 640; x_wconf 87' lang='lat' dir='ltr'>honestum</span> 
     </span>
     <span class='ocr_line' id='line_1_4' title="bbox 168 680 962 756; baseline -0.003 -17"><span class='ocrx_word' id='word_1_18' title='bbox 168 680 250 752; x_wconf 90' lang='lat' dir='ltr'>illud,</span> <span class='ocrx_word' id='word_1_19' title='bbox 274 681 351 756; x_wconf 89' lang='lat' dir='ltr'>quod</span> <span class='ocrx_word' id='word_1_20' title='bbox 375 681 499 739; x_wconf 86' lang='lat' dir='ltr'>maxime</span> <span class='ocrx_word' id='word_1_21' title='bbox 522 691 627 738; x_wconf 90' lang='lat' dir='ltr'>natura</span> <span class='ocrx_word' id='word_1_22' title='bbox 654 681 791 755; x_wconf 91' lang='lat' dir='ltr'>sequitur,</span> <span class='ocrx_word' id='word_1_23' title='bbox 816 680 846 737; x_wconf 90' lang='lat' dir='ltr'>in</span> <span class='ocrx_word' id='word_1_24' title='bbox 874 680 962 737; x_wconf 85' lang='lat' dir='ltr'>sactis</span> 
     </span>
     <span class='ocr_line' id='line_1_5' title="bbox 167 776 962 854; baseline -0.001 -21"><span class='ocrx_word' id='word_1_25' title='bbox 167 776 302 854; x_wconf 88' lang='lat' dir='ltr'>positum,</span> <span class='ocrx_word' id='word_1_26' title='bbox 317 796 375 834; x_wconf 89' lang='lat' dir='ltr'>non</span> <span class='ocrx_word' id='word_1_27' title='bbox 389 777 419 835; x_wconf 89' lang='lat' dir='ltr'>in</span> <span class='ocrx_word' id='word_1_28' title='bbox 433 776 535 854; x_wconf 65' lang='lat' dir='ltr'>gloriis,</span> <span class='ocrx_word' id='word_1_29' title='bbox 544 776 675 852; x_wconf 87' lang='lat' dir='ltr'>judicat:</span> <span class='ocrx_word' id='word_1_30' title='bbox 695 776 913 852; x_wconf 80' lang='lat' dir='ltr'>principemque</span> <span class='ocrx_word' id='word_1_31' title='bbox 927 794 962 833; x_wconf 85' lang='lat' dir='ltr'>se</span> 
     </span>
    </p>

    <p class='ocr_par' dir='ltr' id='par_1_3' title="bbox 135 872 961 1340">
     <span class='ocr_line' id='line_1_6' title="bbox 135 872 961 949; baseline 0 -19"><span class='ocrx_word' id='word_1_32' title='bbox 135 888 153 937; x_wconf 87' lang='lat'><strong>5</strong></span> <span class='ocrx_word' id='word_1_33' title='bbox 168 892 231 930; x_wconf 89' lang='lat' dir='ltr'>esse</span> <span class='ocrx_word' id='word_1_34' title='bbox 244 873 362 944; x_wconf 89' lang='lat' dir='ltr'>mavult,</span> <span class='ocrx_word' id='word_1_35' title='bbox 377 892 462 949; x_wconf 88' lang='lat' dir='ltr'>quam</span> <span class='ocrx_word' id='word_1_36' title='bbox 476 873 575 930; x_wconf 87' lang='lat' dir='ltr'>videri.</span> <span class='ocrx_word' id='word_1_37' title='bbox 617 872 745 944; x_wconf 83' lang='lat' dir='ltr'><strong>Etenim,</strong></span> <span class='ocrx_word' id='word_1_38' title='bbox 756 872 805 947; x_wconf 90' lang='lat' dir='ltr'>qui</span> <span class='ocrx_word' id='word_1_39' title='bbox 816 891 851 928; x_wconf 80' lang='lat' dir='ltr'>ex</span> <span class='ocrx_word' id='word_1_40' title='bbox 862 891 961 930; x_wconf 87' lang='lat' dir='ltr'>errore</span> 
     </span>
     <span class='ocr_line' id='line_1_7' title="bbox 168 968 961 1046; baseline -0.004 -19"><span class='ocrx_word' id='word_1_41' title='bbox 168 970 307 1046; x_wconf 72' lang='lat' dir='ltr'>imperitae</span> <span class='ocrx_word' id='word_1_42' title='bbox 321 969 514 1027; x_wconf 86' lang='lat' dir='ltr'>multitudinis</span> <span class='ocrx_word' id='word_1_43' title='bbox 526 969 644 1045; x_wconf 82' lang='lat' dir='ltr'><strong>pendet,</strong></span> <span class='ocrx_word' id='word_1_44' title='bbox 656 969 705 1026; x_wconf 92' lang='lat' dir='ltr'>hic</span> <span class='ocrx_word' id='word_1_45' title='bbox 720 968 749 1025; x_wconf 94' lang='lat' dir='ltr'>in</span> <span class='ocrx_word' id='word_1_46' title='bbox 764 968 876 1045; x_wconf 84' lang='lat' dir='ltr'>magnis</span> <span class='ocrx_word' id='word_1_47' title='bbox 889 968 961 1025; x_wconf 82' lang='lat' dir='ltr'>viris</span> 
     </span>
     <span class='ocr_line' id='line_1_8' title="bbox 167 1064 961 1126; baseline -0.005 0"><span class='ocrx_word' id='word_1_48' title='bbox 167 1084 225 1126; x_wconf 87' lang='lat' dir='ltr'>nou</span> <span class='ocrx_word' id='word_1_49' title='bbox 246 1075 290 1124; x_wconf 87' lang='lat' dir='ltr'>est</span> <span class='ocrx_word' id='word_1_50' title='bbox 310 1066 468 1125; x_wconf 89' lang='lat' dir='ltr'>habendus.</span> <span class='ocrx_word' id='word_1_51' title='bbox 509 1064 662 1123; x_wconf 81' lang='lat' dir='ltr'>Facillime</span> <span class='ocrx_word' id='word_1_52' title='bbox 684 1076 779 1122; x_wconf 89' lang='lat' dir='ltr'>autem</span> <span class='ocrx_word' id='word_1_53' title='bbox 801 1064 836 1121; x_wconf 90' lang='lat' dir='ltr'>ad</span> <span class='ocrx_word' id='word_1_54' title='bbox 857 1083 903 1121; x_wconf 88' lang='lat' dir='ltr'>res</span> <span class='ocrx_word' id='word_1_55' title='bbox 917 1064 961 1122; x_wconf 91' lang='lat' dir='ltr'>in·</span> 
     </span>
     <span class='ocr_line' id='line_1_9' title="bbox 164 1160 959 1241; baseline -0.001 -21"><span class='ocrx_word' id='word_1_56' title='bbox 164 1160 257 1241; x_wconf 89' lang='lat' dir='ltr'>justas</span> <span class='ocrx_word' id='word_1_57' title='bbox 272 1163 438 1239; x_wconf 78' lang='lat' dir='ltr'>impellitur,</span> <span class='ocrx_word' id='word_1_58' title='bbox 452 1173 484 1221; x_wconf 95' lang='lat' dir='ltr'>ut</span> <span class='ocrx_word' id='word_1_59' title='bbox 504 1163 625 1238; x_wconf 91' lang='lat' dir='ltr'>quisque</span> <span class='ocrx_word' id='word_1_60' title='bbox 640 1171 683 1218; x_wconf 90' lang='lat' dir='ltr'>est</span> <span class='ocrx_word' id='word_1_61' title='bbox 698 1160 837 1218; x_wconf 88' lang='lat' dir='ltr'>altissimo</span> <span class='ocrx_word' id='word_1_62' title='bbox 853 1160 959 1234; x_wconf 88' lang='lat' dir='ltr'>animo,</span> 
     </span>
     <span class='ocr_line' id='line_1_10' title="bbox 167 1257 959 1340; baseline -0.006 -22"><span class='ocrx_word' id='word_1_63' title='bbox 167 1268 196 1318; x_wconf 88' lang='lat' dir='ltr'>et</span> <span class='ocrx_word' id='word_1_64' title='bbox 210 1259 309 1340; x_wconf 76' lang='lat' dir='ltr'>gloriae</span> <span class='ocrx_word' id='word_1_65' title='bbox 324 1259 440 1334; x_wconf 91' lang='lat' dir='ltr'>cupido.</span> <span class='ocrx_word' id='word_1_66' title='bbox 480 1258 545 1320; x_wconf 78' lang='lat' dir='ltr'>Qui</span> <span class='ocrx_word' id='word_1_67' title='bbox 565 1257 648 1316; x_wconf 90' lang='lat' dir='ltr'>locus</span> <span class='ocrx_word' id='word_1_68' title='bbox 668 1266 712 1315; x_wconf 88' lang='lat' dir='ltr'>est</span> <span class='ocrx_word' id='word_1_69' title='bbox 732 1276 801 1314; x_wconf 89' lang='lat' dir='ltr'>sane</span> <span class='ocrx_word' id='word_1_70' title='bbox 819 1257 959 1328; x_wconf 84' lang='lat' dir='ltr'>lubricus,</span> 
     </span>
    </p>

    <p class='ocr_par' dir='ltr' id='par_1_4' title="bbox 120 1353 961 1626">
     <span class='ocr_line' id='line_1_11' title="bbox 120 1353 961 1432; baseline -0.002 -20"><span class='ocrx_word' id='word_1_71' title='bbox 120 1374 153 1425; x_wconf 85' lang='lat'>10</span> <span class='ocrx_word' id='word_1_72' title='bbox 167 1356 244 1432; x_wconf 93' lang='lat' dir='ltr'>quod</span> <span class='ocrx_word' id='word_1_73' title='bbox 257 1355 305 1413; x_wconf 82' lang='lat' dir='ltr'>vix</span> <span class='ocrx_word' id='word_1_74' title='bbox 319 1355 473 1428; x_wconf 85' lang='lat' dir='ltr'>invenitur,</span> <span class='ocrx_word' id='word_1_75' title='bbox 488 1355 549 1430; x_wconf 92' lang='lat' dir='ltr'>qui,</span> <span class='ocrx_word' id='word_1_76' title='bbox 563 1355 709 1413; x_wconf 86' lang='lat' dir='ltr'>laboribus</span> <span class='ocrx_word' id='word_1_77' title='bbox 723 1353 875 1430; x_wconf 79' lang='lat' dir='ltr'>susceptis,</span> <span class='ocrx_word' id='word_1_78' title='bbox 884 1353 961 1430; x_wconf 91' lang='lat' dir='ltr'>peri·</span> 
     </span>
     <span class='ocr_line' id='line_1_12' title="bbox 167 1451 961 1529; baseline -0.004 -19"><span class='ocrx_word' id='word_1_79' title='bbox 167 1451 298 1527; x_wconf 86' lang='lat' dir='ltr'>culisque</span> <span class='ocrx_word' id='word_1_80' title='bbox 320 1451 415 1523; x_wconf 88' lang='lat' dir='ltr'>aditis,</span> <span class='ocrx_word' id='word_1_81' title='bbox 429 1471 498 1523; x_wconf 90' lang='lat' dir='ltr'>uon,</span> <span class='ocrx_word' id='word_1_82' title='bbox 512 1451 594 1527; x_wconf 90' lang='lat' dir='ltr'>quasi</span> <span class='ocrx_word' id='word_1_83' title='bbox 608 1451 772 1509; x_wconf 83' lang='lat' dir='ltr'>mercedem</span> <span class='ocrx_word' id='word_1_84' title='bbox 786 1470 883 1508; x_wconf 86' lang='lat' dir='ltr'>rerum</span> <span class='ocrx_word' id='word_1_85' title='bbox 896 1469 961 1529; x_wconf 81' lang='lat' dir='ltr'>ges·</span> 
     </span>
     <span class='ocr_line' id='line_1_13' title="bbox 167 1547 573 1626; baseline -0.002 -20"><span class='ocrx_word' id='word_1_86' title='bbox 167 1557 271 1620; x_wconf 83' lang='lat' dir='ltr'>tarum,</span> <span class='ocrx_word' id='word_1_87' title='bbox 286 1547 431 1606; x_wconf 82' lang='lat' dir='ltr'>desideret</span> <span class='ocrx_word' id='word_1_88' title='bbox 444 1547 573 1626; x_wconf 84' lang='lat' dir='ltr'>gloriam.</span> 
     </span>
    </p>
   </div>
   <div class='ocr_carea' id='block_1_3' title="bbox 121 1740 963 2206">
    <p class='ocr_par' dir='ltr' id='par_1_5' title="bbox 121 1740 963 2206">
     <span class='ocr_line' id='line_1_14' title="bbox 207 1740 962 1819; baseline 0 -20"><span class='ocrx_word' id='word_1_89' title='bbox 207 1740 278 1800; x_wconf 89' lang='lat' dir='ltr'>XX.</span> <span class='ocrx_word' id='word_1_90' title='bbox 299 1740 430 1799; x_wconf 88' lang='lat' dir='ltr'>Omnino</span> <span class='ocrx_word' id='word_1_91' title='bbox 441 1741 521 1799; x_wconf 86' lang='lat' dir='ltr'>sortis</span> <span class='ocrx_word' id='word_1_92' title='bbox 533 1741 656 1814; x_wconf 84' lang='lat' dir='ltr'>animus,</span> <span class='ocrx_word' id='word_1_93' title='bbox 667 1754 696 1799; x_wconf 90' lang='lat' dir='ltr'>et</span> <span class='ocrx_word' id='word_1_94' title='bbox 706 1761 838 1819; x_wconf 83' lang='lat' dir='ltr'>magnus,</span> <span class='ocrx_word' id='word_1_95' title='bbox 848 1741 962 1800; x_wconf 84' lang='lat' dir='ltr'>duabus</span> 
     </span>
     <span class='ocr_line' id='line_1_15' title="bbox 167 1838 960 1913; baseline 0 -18"><span class='ocrx_word' id='word_1_96' title='bbox 167 1839 254 1896; x_wconf 88' lang='lat' dir='ltr'>rebus</span> <span class='ocrx_word' id='word_1_97' title='bbox 275 1838 400 1895; x_wconf 84' lang='lat' dir='ltr'>maxime</span> <span class='ocrx_word' id='word_1_98' title='bbox 422 1838 567 1909; x_wconf 91' lang='lat' dir='ltr'>cernitur;</span> <span class='ocrx_word' id='word_1_99' title='bbox 590 1858 709 1913; x_wconf 88' lang='lat' dir='ltr'>quarum</span> <span class='ocrx_word' id='word_1_100' title='bbox 732 1858 791 1897; x_wconf 90' lang='lat' dir='ltr'>nna</span> <span class='ocrx_word' id='word_1_101' title='bbox 812 1839 841 1896; x_wconf 91' lang='lat' dir='ltr'>in</span> <span class='ocrx_word' id='word_1_102' title='bbox 864 1858 960 1896; x_wconf 88' lang='lat' dir='ltr'>rerum</span> 
     </span>
     <span class='ocr_line' id='line_1_16' title="bbox 121 1934 960 2010; baseline -0.005 -14"><span class='ocrx_word' id='word_1_103' title='bbox 121 1946 153 1997; x_wconf 85' lang='lat'>15</span> <span class='ocrx_word' id='word_1_104' title='bbox 168 1944 350 1992; x_wconf 79' lang='lat' dir='ltr'>externarum</span> <span class='ocrx_word' id='word_1_105' title='bbox 365 1934 555 2009; x_wconf 74' lang='lat' dir='ltr'>despicientia</span> <span class='ocrx_word' id='word_1_106' title='bbox 568 1935 696 2010; x_wconf 87' lang='lat' dir='ltr'>ponitur,</span> <span class='ocrx_word' id='word_1_107' title='bbox 711 1953 777 1992; x_wconf 90' lang='lat' dir='ltr'>curn</span> <span class='ocrx_word' id='word_1_108' title='bbox 791 1954 960 2010; x_wconf 87' lang='lat' dir='ltr'>persuasum</span> 
     </span>
     <span class='ocr_line' id='line_1_17' title="bbox 167 2030 962 2106; baseline -0.003 -16"><span class='ocrx_word' id='word_1_109' title='bbox 167 2031 215 2104; x_wconf 90' lang='lat' dir='ltr'>sit,</span> <span class='ocrx_word' id='word_1_110' title='bbox 229 2031 302 2089; x_wconf 88' lang='lat' dir='ltr'>nihil</span> <span class='ocrx_word' id='word_1_111' title='bbox 317 2031 475 2102; x_wconf 89' lang='lat' dir='ltr'>hominem,</span> <span class='ocrx_word' id='word_1_112' title='bbox 485 2030 541 2087; x_wconf 90' lang='lat' dir='ltr'>nisi</span> <span class='ocrx_word' id='word_1_113' title='bbox 557 2032 632 2106; x_wconf 93' lang='lat' dir='ltr'>quod</span> <span class='ocrx_word' id='word_1_114' title='bbox 644 2032 796 2089; x_wconf 88' lang='lat' dir='ltr'>honestum</span> <span class='ocrx_word' id='word_1_115' title='bbox 811 2032 962 2091; x_wconf 87' lang='lat' dir='ltr'>decorum-</span> 
     </span>
     <span class='ocr_line' id='line_1_18' title="bbox 167 2127 963 2206; baseline -0.003 -19"><span class='ocrx_word' id='word_1_116' title='bbox 167 2146 224 2206; x_wconf 88' lang='lat' dir='ltr'>que</span> <span class='ocrx_word' id='word_1_117' title='bbox 248 2127 296 2200; x_wconf 91' lang='lat' dir='ltr'>sit,</span> <span class='ocrx_word' id='word_1_118' title='bbox 319 2137 368 2185; x_wconf 88' lang='lat' dir='ltr'>aut</span> <span class='ocrx_word' id='word_1_119' title='bbox 391 2127 536 2199; x_wconf 89' lang='lat' dir='ltr'>admirari,</span> <span class='ocrx_word' id='word_1_120' title='bbox 559 2138 607 2186; x_wconf 90' lang='lat' dir='ltr'>aut</span> <span class='ocrx_word' id='word_1_121' title='bbox 631 2138 740 2203; x_wconf 85' lang='lat' dir='ltr'>optare,</span> <span class='ocrx_word' id='word_1_122' title='bbox 755 2138 804 2186; x_wconf 92' lang='lat' dir='ltr'>aut</span> <span class='ocrx_word' id='word_1_123' title='bbox 826 2138 963 2205; x_wconf 85' lang='lat' dir='ltr'>expetere</span> 
     </span>
    </p>
   </div>
   <div class='ocr_carea' id='block_1_4' title="bbox 167 2224 963 2388">
    <p class='ocr_par' dir='ltr' id='par_1_6' title="bbox 167 2224 963 2388">
     <span class='ocr_line' id='line_1_19' title="bbox 168 2224 962 2302; baseline -0.001 -19"><span class='ocrx_word' id='word_1_124' title='bbox 168 2235 318 2302; x_wconf 81' lang='lat' dir='ltr'>oportere3</span> <span class='ocrx_word' id='word_1_125' title='bbox 339 2224 468 2300; x_wconf 90' lang='lat' dir='ltr'>nullique</span> <span class='ocrx_word' id='word_1_126' title='bbox 489 2243 583 2299; x_wconf 92' lang='lat' dir='ltr'>neque</span> <span class='ocrx_word' id='word_1_127' title='bbox 604 2224 724 2296; x_wconf 88' lang='lat' dir='ltr'>homini,</span> <span class='ocrx_word' id='word_1_128' title='bbox 739 2244 833 2299; x_wconf 91' lang='lat' dir='ltr'>neque</span> <span class='ocrx_word' id='word_1_129' title='bbox 850 2235 962 2301; x_wconf 89' lang='lat' dir='ltr'>pertur-</span> 
     </span>
     <span class='ocr_line' id='line_1_20' title="bbox 167 2314 963 2388; baseline -0.003 -13"><span class='ocrx_word' id='word_1_130' title='bbox 167 2316 278 2380; x_wconf 86' lang='lat' dir='ltr'>bationi</span> <span class='ocrx_word' id='word_1_131' title='bbox 293 2316 393 2388; x_wconf 89' lang='lat' dir='ltr'>animi,</span> <span class='ocrx_word' id='word_1_132' title='bbox 407 2314 463 2373; x_wconf 88' lang='lat' dir='ltr'>nec</span> <span class='ocrx_word' id='word_1_133' title='bbox 478 2317 609 2387; x_wconf 78' lang='lat' dir='ltr'>fortune,</span> <span class='ocrx_word' id='word_1_134' title='bbox 623 2317 822 2374; x_wconf 89' lang='lat' dir='ltr'>succumbere.</span> <span class='ocrx_word' id='word_1_135' title='bbox 858 2316 963 2373; x_wconf 84' lang='lat' dir='ltr'>Altera</span> 
     </span>
    </p>
   </div>
   <div class='ocr_carea' id='block_1_5' title="bbox 119 2413 964 3169">
    <p class='ocr_par' dir='ltr' id='par_1_7' title="bbox 119 2413 963 2874">
     <span class='ocr_line' id='line_1_21' title="bbox 119 2413 962 2489; baseline 0 -18"><span class='ocrx_word' id='word_1_136' title='bbox 119 2427 152 2478; x_wconf 66' lang='grc' dir='ltr'>ω</span> <span class='ocrx_word' id='word_1_137' title='bbox 168 2424 211 2472; x_wconf 88' lang='lat' dir='ltr'>est</span> <span class='ocrx_word' id='word_1_138' title='bbox 226 2433 282 2485; x_wconf 86' lang='lat' dir='ltr'>res,</span> <span class='ocrx_word' id='word_1_139' title='bbox 296 2422 339 2484; x_wconf 89' lang='lat' dir='ltr'>ut,</span> <span class='ocrx_word' id='word_1_140' title='bbox 353 2432 420 2471; x_wconf 92' lang='lat' dir='ltr'>curn</span> <span class='ocrx_word' id='word_1_141' title='bbox 443 2413 484 2469; x_wconf 89' lang='lat' dir='ltr'>ita</span> <span class='ocrx_word' id='word_1_142' title='bbox 504 2413 543 2469; x_wconf 89' lang='lat' dir='ltr'>sis</span> <span class='ocrx_word' id='word_1_143' title='bbox 566 2413 687 2470; x_wconf 85' lang='lat' dir='ltr'>affectus</span> <span class='ocrx_word' id='word_1_144' title='bbox 707 2413 813 2485; x_wconf 89' lang='lat' dir='ltr'>animo,</span> <span class='ocrx_word' id='word_1_145' title='bbox 828 2424 860 2471; x_wconf 92' lang='lat' dir='ltr'>ut</span> <span class='ocrx_word' id='word_1_146' title='bbox 874 2432 962 2489; x_wconf 88' lang='lat' dir='ltr'>supra</span> 
     </span>
     <span class='ocr_line' id='line_1_22' title="bbox 167 2508 962 2584; baseline -0.001 -17"><span class='ocrx_word' id='word_1_147' title='bbox 167 2509 238 2580; x_wconf 88' lang='lat' dir='ltr'>dixi,</span> <span class='ocrx_word' id='word_1_148' title='bbox 253 2528 299 2566; x_wconf 88' lang='lat' dir='ltr'>res</span> <span class='ocrx_word' id='word_1_149' title='bbox 313 2527 406 2584; x_wconf 85' lang='lat' dir='ltr'>geras,</span> <span class='ocrx_word' id='word_1_150' title='bbox 421 2526 540 2584; x_wconf 84' lang='lat' dir='ltr'>magnas</span> <span class='ocrx_word' id='word_1_151' title='bbox 562 2508 625 2565; x_wconf 87' lang='lat' dir='ltr'>illas</span> <span class='ocrx_word' id='word_1_152' title='bbox 646 2509 772 2584; x_wconf 87' lang='lat' dir='ltr'>quidem,</span> <span class='ocrx_word' id='word_1_153' title='bbox 787 2519 816 2566; x_wconf 94' lang='lat' dir='ltr'>et</span> <span class='ocrx_word' id='word_1_154' title='bbox 837 2510 962 2566; x_wconf 89' lang='lat' dir='ltr'>maxime</span> 
     </span>
     <span class='ocr_line' id='line_1_23' title="bbox 166 2604 963 2681; baseline -0.001 -18"><span class='ocrx_word' id='word_1_155' title='bbox 166 2604 262 2676; x_wconf 88' lang='lat' dir='ltr'>utiles,</span> <span class='ocrx_word' id='word_1_156' title='bbox 277 2605 328 2661; x_wconf 89' lang='lat' dir='ltr'>sed</span> <span class='ocrx_word' id='word_1_157' title='bbox 343 2614 371 2660; x_wconf 90' lang='lat' dir='ltr'>et</span> <span class='ocrx_word' id='word_1_158' title='bbox 385 2604 569 2661; x_wconf 86' lang='lat' dir='ltr'>vehementer</span> <span class='ocrx_word' id='word_1_159' title='bbox 585 2605 698 2677; x_wconf 89' lang='lat' dir='ltr'>arduas,</span> <span class='ocrx_word' id='word_1_160' title='bbox 711 2606 868 2681; x_wconf 88' lang='lat' dir='ltr'>plenasque</span> <span class='ocrx_word' id='word_1_161' title='bbox 882 2605 963 2663; x_wconf 90' lang='lat' dir='ltr'>labo·</span> 
     </span>
     <span class='ocr_line' id='line_1_24' title="bbox 167 2700 961 2776; baseline 0 -18"><span class='ocrx_word' id='word_1_162' title='bbox 167 2717 232 2758; x_wconf 90' lang='lat' dir='ltr'>rum</span> <span class='ocrx_word' id='word_1_163' title='bbox 255 2709 285 2757; x_wconf 91' lang='lat' dir='ltr'>et</span> <span class='ocrx_word' id='word_1_164' title='bbox 307 2700 514 2776; x_wconf 88' lang='lat' dir='ltr'>periculorum,</span> <span class='ocrx_word' id='word_1_165' title='bbox 538 2710 600 2758; x_wconf 89' lang='lat' dir='ltr'>tum</span> <span class='ocrx_word' id='word_1_166' title='bbox 624 2701 699 2772; x_wconf 76' lang='lat' dir='ltr'>vitm,</span> <span class='ocrx_word' id='word_1_167' title='bbox 722 2710 783 2758; x_wconf 91' lang='lat' dir='ltr'>tum</span> <span class='ocrx_word' id='word_1_168' title='bbox 805 2701 961 2759; x_wconf 85' lang='lat' dir='ltr'>multarum</span> 
     </span>
     <span class='ocr_line' id='line_1_25' title="bbox 168 2796 805 2874; baseline 0.002 -20"><span class='ocrx_word' id='word_1_169' title='bbox 168 2796 287 2855; x_wconf 84' lang='lat' dir='ltr'>aliarum</span> <span class='ocrx_word' id='word_1_170' title='bbox 301 2815 408 2868; x_wconf 88' lang='lat' dir='ltr'>rerum,</span> <span class='ocrx_word' id='word_1_171' title='bbox 422 2816 485 2872; x_wconf 78' lang='lat' dir='ltr'>quae</span> <span class='ocrx_word' id='word_1_172' title='bbox 501 2797 536 2854; x_wconf 94' lang='lat' dir='ltr'>ad</span> <span class='ocrx_word' id='word_1_173' title='bbox 551 2797 638 2855; x_wconf 83' lang='lat' dir='ltr'>vitam</span> <span class='ocrx_word' id='word_1_174' title='bbox 652 2798 805 2874; x_wconf 81' lang='lat' dir='ltr'>pertinent.</span> 
     </span>
    </p>

    <p class='ocr_par' dir='ltr' id='par_1_8' title="bbox 120 2891 964 3169">
     <span class='ocr_line' id='line_1_26' title="bbox 120 2891 962 2972; baseline 0 -21"><span class='ocrx_word' id='word_1_175' title='bbox 120 2898 153 2951; x_wconf 76' lang='lat'>25</span> <span class='ocrx_word' id='word_1_176' title='bbox 207 2891 320 2950; x_wconf 88' lang='lat' dir='ltr'>Harum</span> <span class='ocrx_word' id='word_1_177' title='bbox 341 2912 436 2951; x_wconf 89' lang='lat' dir='ltr'>rerum</span> <span class='ocrx_word' id='word_1_178' title='bbox 457 2894 579 2952; x_wconf 89' lang='lat' dir='ltr'>duarum</span> <span class='ocrx_word' id='word_1_179' title='bbox 600 2894 735 2972; x_wconf 87' lang='lat' dir='ltr'>splendor</span> <span class='ocrx_word' id='word_1_180' title='bbox 750 2894 844 2951; x_wconf 90' lang='lat' dir='ltr'>omnis</span> <span class='ocrx_word' id='word_1_181' title='bbox 858 2904 887 2952; x_wconf 94' lang='lat' dir='ltr'>et</span> <span class='ocrx_word' id='word_1_182' title='bbox 902 2913 962 2952; x_wconf 91' lang='lat' dir='ltr'>arn·</span> 
     </span>
     <span class='ocr_line' id='line_1_27' title="bbox 167 2987 961 3071; baseline 0.006 -24"><span class='ocrx_word' id='word_1_183' title='bbox 167 2987 278 3068; x_wconf 89' lang='lat' dir='ltr'>plitudo</span> <span class='ocrx_word' id='word_1_184' title='bbox 292 2988 382 3067; x_wconf 90' lang='lat' dir='ltr'>(addo</span> <span class='ocrx_word' id='word_1_185' title='bbox 396 2990 484 3049; x_wconf 89' lang='lat' dir='ltr'>etiam</span> <span class='ocrx_word' id='word_1_186' title='bbox 497 2991 666 3071; x_wconf 83' lang='lat' dir='ltr'>utilitatem)</span> <span class='ocrx_word' id='word_1_187' title='bbox 681 2991 711 3049; x_wconf 89' lang='lat' dir='ltr'>in</span> <span class='ocrx_word' id='word_1_188' title='bbox 724 2991 884 3068; x_wconf 87' lang='lat' dir='ltr'>posteriore</span> <span class='ocrx_word' id='word_1_189' title='bbox 898 3001 961 3052; x_wconf 83' lang='lat' dir='ltr'>est:</span> 
     </span>
     <span class='ocr_line' id='line_1_28' title="bbox 169 3087 964 3169; baseline 0.003 -21"><span class='ocrx_word' id='word_1_190' title='bbox 169 3104 259 3169; x_wconf 82' lang='lat' dir='ltr'>causa</span> <span class='ocrx_word' id='word_1_191' title='bbox 272 3095 378 3157; x_wconf 86' lang='lat' dir='ltr'>autem,</span> <span class='ocrx_word' id='word_1_192' title='bbox 392 3096 422 3145; x_wconf 90' lang='lat' dir='ltr'>et</span> <span class='ocrx_word' id='word_1_193' title='bbox 442 3087 516 3146; x_wconf 88' lang='lat' dir='ltr'>ratio</span> <span class='ocrx_word' id='word_1_194' title='bbox 530 3087 660 3146; x_wconf 84' lang='lat' dir='ltr'>efficiens</span> <span class='ocrx_word' id='word_1_195' title='bbox 680 3106 801 3167; x_wconf 81' lang='lat' dir='ltr'>magnos</span> <span class='ocrx_word' id='word_1_196' title='bbox 814 3087 900 3162; x_wconf 82' lang='lat' dir='ltr'>viros,</span> <span class='ocrx_word' id='word_1_197' title='bbox 917 3100 964 3150; x_wconf 82' lang='lat' dir='ltr'>est</span> 
     </span>
    </p>
   </div>
   <div class='ocr_carea' id='block_1_6' title="bbox 0 0 1088 3609">
    <p class='ocr_par' dir='ltr' id='par_1_9' title="bbox 0 0 1088 3609">
     <span class='ocr_line' id='line_1_29' title="bbox 0 0 1088 3609; baseline 0 0"><span class='ocrx_word' id='word_1_198' title='bbox 0 0 1088 3609; x_wconf 95' lang='lat' dir='ltr'> </span> 
     </span>
    </p>
   </div>
  </div>
 </body>
</html>
