2167 3609
140 323 188 384 68-
472 335 515 383 or:
535 334 680 383 osricus
902 334 942 395 [t.
952 334 973 382 1,
1066 307 1068 318 ⁴

187 483 299 557 bentur,
314 485 405 563 tnagis
427 485 531 543 decere
553 494 675 542 censent
696 481 841 560 sapientes
862 483 972 541 sensim

187 582 325 655 dissuere,
340 600 424 659 quam
441 592 559 659 repente
577 581 741 657 praecidere.
783 579 971 637 Commutato

188 689 282 737 autem
296 698 401 756 genere
416 678 490 750 vitae,
505 678 585 735 omni
603 677 714 734 ratione
734 677 894 733 curandum
915 687 970 747 est,

186 786 219 833 ut
231 775 261 832 id
275 776 351 833 bono
366 775 487 833 consilio
501 775 604 836 secisse
617 773 772 831 videamur.

155 874 172 923 5
226 871 295 943 Sed,
310 872 445 948 quoniam
462 872 548 947 paulo
568 880 634 927 ante
654 870 764 927 dictum
782 880 836 941 est,
858 869 971 927 imitan·
1064 905 1068 914 ·

187 969 239 1027 dos
262 987 325 1030 esse
346 968 486 1045 majores;
510 968 634 1044 primum
655 966 727 1024 illud
748 977 900 1043 exceptum
921 967 969 1037 sit,
1067 963 1070 982 ¹

186 1083 224 1122 ne
245 1064 314 1123 vitia
334 1065 392 1123 sint
413 1065 567 1134 imitanda;
596 1063 711 1134 deinde,
735 1062 760 1119 si
781 1073 886 1120 natura
909 1081 968 1119 non

187 1160 258 1217 feret
281 1171 314 1219 ut
334 1161 464 1237 quedam
486 1160 591 1217 imitari
614 1159 725 1235 possint
746 1159 791 1235 (ut
814 1160 970 1235 superioris

187 1256 320 1314 Africani
334 1256 419 1327 lilius,
433 1256 482 1330 qui
497 1256 576 1313 hunc
596 1256 687 1313 Paulo
700 1265 799 1312 natum
814 1255 968 1331 adoptavit,

140 1363 173 1413 10
186 1363 302 1429 propter
316 1353 511 1410 infirmitatem
525 1352 699 1410 valetudinis
719 1370 778 1409 non
799 1364 857 1408 tam
875 1351 970 1426 potuit

186 1448 274 1525 patris
287 1447 389 1505 similis
403 1467 475 1520 esse,
486 1467 571 1525 quarn
583 1449 631 1506 ille
642 1449 734 1506 fueret
745 1449 821 1528 sui);
842 1449 867 1505 si
882 1449 969 1525 igitur
1071 1509 1072 1512 ,

101 1589 102 1594 η
186 1563 245 1603 non
258 1544 362 1621 poterit
376 1544 434 1602 sive
448 1564 551 1603 causas
563 1545 747 1616 defensitare,
761 1545 820 1602 sive
833 1545 970 1621 populum

186 1641 377 1698 concionibus
389 1651 497 1714 tenere,
511 1642 571 1700 sive
583 1641 661 1699 bella
673 1660 789 1719 gerere3
811 1642 860 1699 illa
872 1652 970 1699 tamen

185 1744 319 1812 praestare
339 1736 464 1809 debebit,
478 1757 541 1813 que
562 1746 646 1796 erunt
666 1737 696 1794 in
717 1737 805 1812 ipsius
819 1746 971 1813 potestate,

141 1845 173 1897 15
183 1831 333 1909 justitiam,
354 1833 449 1906 fidem,
469 1834 680 1905 liberalitatem,
700 1833 879 1905 modestiam,
900 1843 971 1891 tem·

185 1928 354 2004 perantiam,
368 1948 425 2005 quo
444 1931 539 1988 minus
560 1930 595 1987 ab
615 1948 650 1987 eo
670 1929 711 2001 id,
731 1929 808 2004 quod
829 1929 914 1999 desit,
927 1947 971 1987 re·

186 2023 321 2100 quitatur.
361 2025 479 2102 Optima
510 2037 604 2085 autem
628 2027 779 2084 hereditas
802 2045 819 2082 a
841 2026 970 2101 patribus

186 2120 307 2179 traditur
320 2122 427 2194 liberis,
440 2123 576 2198 omnique
594 2121 767 2199 patrimonio
778 2122 970 2198 prestantior,

186 2216 277 2295 gloria
291 2218 411 2291 virtutis,
425 2236 577 2296 rerumque
590 2229 735 2297 gestarum
743 2239 751 2289 ;
773 2218 820 2276 cui
834 2217 971 2275 dedecori

139 2318 172 2371 w
187 2332 259 2388 esse,
274 2314 354 2373 nefas
368 2326 397 2373 et
410 2315 529 2391 impium
539 2316 729 2392 judicandum
743 2324 794 2373 est.

225 2504 371 2563 XXXIV.
394 2505 442 2577 Et,
453 2506 588 2583 quoniam
599 2505 694 2565 officia
702 2526 759 2566 non
768 2507 868 2566 eadem
877 2507 971 2583 dispa-

186 2600 266 2657 ribus
280 2600 410 2657 aetatibus
429 2602 603 2673 tribuuntur,
619 2603 730 2679 aliaque
743 2614 810 2661 sunt
820 2604 971 2679 juvenum,

188 2694 245 2753 elia
256 2694 401 2753 seniorum
413 2715 420 2767 ;
443 2697 548 2773 aliquid
564 2698 650 2756 etiam
664 2699 700 2756 de
714 2700 769 2757 hac
783 2700 971 2758 distinctione

187 2789 342 2847 dicendum
362 2801 413 2850 est.
455 2792 508 2850 Est
528 2794 614 2871 igitur
632 2796 832 2870 adolescentis,
847 2796 973 2872 majores

140 2890 173 2944 at
187 2894 256 2944 natu
267 2887 367 2960 vereri,
376 2907 467 2966 exque
475 2889 520 2947 his
529 2890 655 2969 deligere
663 2893 785 2968 optimos
793 2902 823 2949 et
832 2893 972 2968 probatis·

187 2981 285 3064 simos,
299 3001 419 3059 quorum
433 2986 555 3044 consilio
570 3000 653 3064 atque
668 2989 837 3047 auctoritate
851 2989 970 3047 nitatur.

187 3075 318 3139 Ineuntis
331 3081 409 3141 enim
422 3082 513 3143 etatis
527 3082 643 3144 inscitia
655 3102 757 3144 senum
768 3085 974 3148 constituenda
