<?xml version="1.0" encoding="UTF-8"?>
<!DOCTYPE html PUBLIC "-//W3C//DTD XHTML 1.0 Transitional//EN"
    "http://www.w3.org/TR/xhtml1/DTD/xhtml1-transitional.dtd">
<html xmlns="http://www.w3.org/1999/xhtml" xml:lang="en" lang="en">
 <head>
  <title>
</title>
<meta http-equiv="Content-Type" content="text/html;charset=utf-8" />
  <meta name='ocr-system' content='tesseract 3.04.00' />
  <meta name='ocr-capabilities' content='ocr_page ocr_carea ocr_par ocr_line ocrx_word'/>
</head>
<body>
  <div class='ocr_page' id='page_1' title='image "./mtciceronisdeof01dillgoog/mtciceronisdeof01dillgoog_0178.png"; bbox 0 0 2167 3609; ppageno 0'>
   <div class='ocr_carea' id='block_1_1' title="bbox 142 347 971 414">
    <p class='ocr_par' dir='ltr' id='par_1_1' title="bbox 142 347 971 414">
     <span class='ocr_line' id='line_1_1' title="bbox 142 347 971 414; baseline -0.006 -10"><span class='ocrx_word' id='word_1_1' title='bbox 142 347 198 404; x_wconf 81' lang='lat'>172</span> <span class='ocrx_word' id='word_1_2' title='bbox 470 355 514 401; x_wconf 84' lang='lat' dir='ltr'>nn</span> <span class='ocrx_word' id='word_1_3' title='bbox 536 354 681 401; x_wconf 78' lang='lat' dir='ltr'>currens.</span> <span class='ocrx_word' id='word_1_4' title='bbox 876 353 917 414; x_wconf 80' lang='lat' dir='ltr'>[u.</span> <span class='ocrx_word' id='word_1_5' title='bbox 928 353 971 399; x_wconf 83' lang='lat'><em>111.</em></span> 
     </span>
    </p>
   </div>
   <div class='ocr_carea' id='block_1_2' title="bbox 184 500 973 770">
    <p class='ocr_par' dir='ltr' id='par_1_2' title="bbox 184 500 973 770">
     <span class='ocr_line' id='line_1_2' title="bbox 225 500 973 578; baseline 0.003 -21"><span class='ocrx_word' id='word_1_6' title='bbox 225 500 307 558; x_wconf 87' lang='lat' dir='ltr'>xvl.</span> <span class='ocrx_word' id='word_1_7' title='bbox 331 503 377 559; x_wconf 85' lang='lat' dir='ltr'>Ac</span> <span class='ocrx_word' id='word_1_8' title='bbox 391 502 427 558; x_wconf 91' lang='lat' dir='ltr'>de</span> <span class='ocrx_word' id='word_1_9' title='bbox 438 502 502 578; x_wconf 87' lang='lat' dir='ltr'>jure</span> <span class='ocrx_word' id='word_1_10' title='bbox 513 501 628 577; x_wconf 90' lang='lat' dir='ltr'>quidem</span> <span class='ocrx_word' id='word_1_11' title='bbox 641 502 813 578; x_wconf 76' lang='lat' dir='ltr'>prediorum</span> <span class='ocrx_word' id='word_1_12' title='bbox 828 502 973 559; x_wconf 88' lang='lat' dir='ltr'>sancitum</span> 
     </span>
     <span class='ocr_line' id='line_1_3' title="bbox 184 598 972 675; baseline 0.004 -22"><span class='ocrx_word' id='word_1_13' title='bbox 184 607 230 670; x_wconf 84' lang='lat' dir='ltr'>est</span> <span class='ocrx_word' id='word_1_14' title='bbox 254 599 329 672; x_wconf 88' lang='lat' dir='ltr'>apud</span> <span class='ocrx_word' id='word_1_15' title='bbox 352 617 405 655; x_wconf 88' lang='lat' dir='ltr'>nos</span> <span class='ocrx_word' id='word_1_16' title='bbox 426 600 490 675; x_wconf 85' lang='lat' dir='ltr'>jure</span> <span class='ocrx_word' id='word_1_17' title='bbox 514 600 600 670; x_wconf 86' lang='lat' dir='ltr'>civili,</span> <span class='ocrx_word' id='word_1_18' title='bbox 622 609 663 670; x_wconf 93' lang='lat' dir='ltr'>ut,</span> <span class='ocrx_word' id='word_1_19' title='bbox 685 599 714 656; x_wconf 94' lang='lat' dir='ltr'>in</span> <span class='ocrx_word' id='word_1_20' title='bbox 738 598 783 655; x_wconf 92' lang='lat' dir='ltr'>his</span> <span class='ocrx_word' id='word_1_21' title='bbox 803 599 972 671; x_wconf 77' lang='lat' dir='ltr'>vendendis,</span> 
     </span>
     <span class='ocr_line' id='line_1_4' title="bbox 186 694 972 770; baseline 0.003 -21"><span class='ocrx_word' id='word_1_22' title='bbox 186 694 255 750; x_wconf 88' lang='lat' dir='ltr'>vitia</span> <span class='ocrx_word' id='word_1_23' title='bbox 288 695 462 766; x_wconf 88' lang='lat' dir='ltr'>dicerentur,</span> <span class='ocrx_word' id='word_1_24' title='bbox 494 714 557 770; x_wconf 77' lang='lat' dir='ltr'>quae</span> <span class='ocrx_word' id='word_1_25' title='bbox 589 708 659 752; x_wconf 87' lang='lat' dir='ltr'>nota</span> <span class='ocrx_word' id='word_1_26' title='bbox 691 704 786 751; x_wconf 87' lang='lat' dir='ltr'>essent</span> <span class='ocrx_word' id='word_1_27' title='bbox 820 694 972 752; x_wconf 87' lang='lat' dir='ltr'>venditori.</span> 
     </span>
    </p>
   </div>
   <div class='ocr_carea' id='block_1_3' title="bbox 187 781 1074 865">
    <p class='ocr_par' dir='ltr' id='par_1_3' title="bbox 187 781 1074 865">
     <span class='ocr_line' id='line_1_5' title="bbox 187 781 1074 865; baseline 0.007 -20"><span class='ocrx_word' id='word_1_28' title='bbox 187 789 216 845; x_wconf 96' lang='lat' dir='ltr'>N</span> <span class='ocrx_word' id='word_1_29' title='bbox 220 808 274 859; x_wconf 88' lang='lat' dir='ltr'>am,</span> <span class='ocrx_word' id='word_1_30' title='bbox 290 809 355 847; x_wconf 88' lang='lat' dir='ltr'>cum</span> <span class='ocrx_word' id='word_1_31' title='bbox 370 809 405 847; x_wconf 83' lang='lat' dir='ltr'>ex</span> <span class='ocrx_word' id='word_1_32' title='bbox 418 790 479 848; x_wconf 92' lang='lat' dir='ltr'>XII</span> <span class='ocrx_word' id='word_1_33' title='bbox 495 790 600 847; x_wconf 89' lang='lat' dir='ltr'>tabulis</span> <span class='ocrx_word' id='word_1_34' title='bbox 614 791 683 847; x_wconf 85' lang='lat' dir='ltr'>setis</span> <span class='ocrx_word' id='word_1_35' title='bbox 697 801 772 847; x_wconf 85' lang='lat' dir='ltr'>esset</span> <span class='ocrx_word' id='word_1_36' title='bbox 785 809 821 847; x_wconf 90' lang='lat' dir='ltr'>ea</span> <span class='ocrx_word' id='word_1_37' title='bbox 832 791 972 865; x_wconf 86' lang='lat' dir='ltr'>praestari,</span> <span class='ocrx_word' id='word_1_38' title='bbox 1073 781 1074 784; x_wconf 21' lang='lat'>¹</span> 
     </span>
    </p>
   </div>
   <div class='ocr_carea' id='block_1_4' title="bbox 140 886 976 2405">
    <p class='ocr_par' dir='ltr' id='par_1_4' title="bbox 155 886 975 1341">
     <span class='ocr_line' id='line_1_6' title="bbox 155 886 973 963; baseline 0 -19"><span class='ocrx_word' id='word_1_39' title='bbox 155 897 171 944; x_wconf 80' lang='grc' dir='ltr'>ὅ</span> <span class='ocrx_word' id='word_1_40' title='bbox 187 905 250 959; x_wconf 87' lang='lat' dir='ltr'>quae</span> <span class='ocrx_word' id='word_1_41' title='bbox 264 897 360 943; x_wconf 85' lang='lat' dir='ltr'>essent</span> <span class='ocrx_word' id='word_1_42' title='bbox 380 887 478 963; x_wconf 77' lang='lat' dir='ltr'>lingui</span> <span class='ocrx_word' id='word_1_43' title='bbox 498 897 673 962; x_wconf 88' lang='lat' dir='ltr'>nuncupata,</span> <span class='ocrx_word' id='word_1_44' title='bbox 688 905 751 961; x_wconf 85' lang='lat' dir='ltr'>quae</span> <span class='ocrx_word' id='word_1_45' title='bbox 765 887 813 961; x_wconf 92' lang='lat' dir='ltr'>qui</span> <span class='ocrx_word' id='word_1_46' title='bbox 828 886 973 944; x_wconf 81' lang='lat' dir='ltr'>inficiatus</span> 
     </span>
     <span class='ocr_line' id='line_1_7' title="bbox 187 982 974 1058; baseline 0.001 -20"><span class='ocrx_word' id='word_1_47' title='bbox 187 992 272 1053; x_wconf 90' lang='lat' dir='ltr'>esset,</span> <span class='ocrx_word' id='word_1_48' title='bbox 301 983 380 1058; x_wconf 93' lang='lat' dir='ltr'>dupli</span> <span class='ocrx_word' id='word_1_49' title='bbox 413 987 525 1058; x_wconf 85' lang='lat' dir='ltr'>poe&#39;nam</span> <span class='ocrx_word' id='word_1_50' title='bbox 561 983 684 1053; x_wconf 89' lang='lat' dir='ltr'>subiret;</span> <span class='ocrx_word' id='word_1_51' title='bbox 721 1002 738 1039; x_wconf 89' lang='lat' dir='ltr'>a</span> <span class='ocrx_word' id='word_1_52' title='bbox 768 982 974 1058; x_wconf 83' lang='lat' dir='ltr'>jureconsultis</span> 
     </span>
     <span class='ocr_line' id='line_1_8' title="bbox 187 1077 974 1153; baseline -0.001 -18"><span class='ocrx_word' id='word_1_53' title='bbox 187 1079 273 1135; x_wconf 87' lang='lat' dir='ltr'>etiam</span> <span class='ocrx_word' id='word_1_54' title='bbox 288 1079 446 1136; x_wconf 87' lang='lat' dir='ltr'>reticentiae</span> <span class='ocrx_word' id='word_1_55' title='bbox 460 1098 545 1153; x_wconf 85' lang='lat' dir='ltr'>poene</span> <span class='ocrx_word' id='word_1_56' title='bbox 558 1088 601 1134; x_wconf 88' lang='lat' dir='ltr'>est</span> <span class='ocrx_word' id='word_1_57' title='bbox 615 1079 779 1135; x_wconf 88' lang='lat' dir='ltr'>constituta.</span> <span class='ocrx_word' id='word_1_58' title='bbox 820 1077 974 1152; x_wconf 80' lang='lat' dir='ltr'><strong>Quidquid</strong></span> 
     </span>
     <span class='ocr_line' id='line_1_9' title="bbox 188 1174 975 1250; baseline 0 -19"><span class='ocrx_word' id='word_1_59' title='bbox 188 1175 265 1231; x_wconf 90' lang='lat' dir='ltr'>enim</span> <span class='ocrx_word' id='word_1_60' title='bbox 298 1185 374 1231; x_wconf 88' lang='lat' dir='ltr'>esset</span> <span class='ocrx_word' id='word_1_61' title='bbox 401 1175 430 1231; x_wconf 92' lang='lat' dir='ltr'>in</span> <span class='ocrx_word' id='word_1_62' title='bbox 457 1175 565 1250; x_wconf 85' lang='lat' dir='ltr'>praedio</span> <span class='ocrx_word' id='word_1_63' title='bbox 591 1174 662 1245; x_wconf 86' lang='lat' dir='ltr'>vitii,</span> <span class='ocrx_word' id='word_1_64' title='bbox 690 1174 719 1230; x_wconf 93' lang='lat' dir='ltr'>id</span> <span class='ocrx_word' id='word_1_65' title='bbox 749 1183 920 1244; x_wconf 87' lang='lat' dir='ltr'>statuerunt,</span> <span class='ocrx_word' id='word_1_66' title='bbox 949 1174 975 1231; x_wconf 91' lang='lat' dir='ltr'>si</span> 
     </span>
     <span class='ocr_line' id='line_1_10' title="bbox 187 1270 973 1341; baseline 0 -15"><span class='ocrx_word' id='word_1_67' title='bbox 187 1270 318 1328; x_wconf 88' lang='lat' dir='ltr'>venditor</span> <span class='ocrx_word' id='word_1_68' title='bbox 345 1271 442 1341; x_wconf 88' lang='lat' dir='ltr'>sciret,</span> <span class='ocrx_word' id='word_1_69' title='bbox 469 1271 525 1327; x_wconf 91' lang='lat' dir='ltr'>nisi</span> <span class='ocrx_word' id='word_1_70' title='bbox 552 1270 721 1327; x_wconf 75' lang='lat' dir='ltr'>nominatim</span> <span class='ocrx_word' id='word_1_71' title='bbox 749 1270 858 1328; x_wconf 86' lang='lat' dir='ltr'>dictum</span> <span class='ocrx_word' id='word_1_72' title='bbox 885 1278 973 1340; x_wconf 86' lang='lat' dir='ltr'>esset,</span> 
     </span>
    </p>

    <p class='ocr_par' dir='ltr' id='par_1_5' title="bbox 141 1365 975 1827">
     <span class='ocr_line' id='line_1_11' title="bbox 141 1365 974 1442; baseline 0.001 -21"><span class='ocrx_word' id='word_1_73' title='bbox 141 1371 172 1421; x_wconf 90' lang='lat'>10</span> <span class='ocrx_word' id='word_1_74' title='bbox 187 1366 315 1441; x_wconf 83' lang='lat' dir='ltr'>praestari</span> <span class='ocrx_word' id='word_1_75' title='bbox 338 1376 478 1441; x_wconf 82' lang='lat' dir='ltr'><strong>oportere.</strong></span> <span class='ocrx_word' id='word_1_76' title='bbox 507 1366 568 1437; x_wconf 88' lang='lat' dir='ltr'>.Ut,</span> <span class='ocrx_word' id='word_1_77' title='bbox 591 1385 657 1424; x_wconf 91' lang='lat' dir='ltr'>cum</span> <span class='ocrx_word' id='word_1_78' title='bbox 679 1366 709 1423; x_wconf 91' lang='lat' dir='ltr'>iu</span> <span class='ocrx_word' id='word_1_79' title='bbox 732 1384 798 1423; x_wconf 83' lang='lat' dir='ltr'>arce</span> <span class='ocrx_word' id='word_1_80' title='bbox 820 1365 974 1442; x_wconf 80' lang='lat' dir='ltr'>augurium</span> 
     </span>
     <span class='ocr_line' id='line_1_12' title="bbox 188 1462 974 1539; baseline -0.001 -19"><span class='ocrx_word' id='word_1_81' title='bbox 188 1481 311 1539; x_wconf 81' lang='lat' dir='ltr'>augures</span> <span class='ocrx_word' id='word_1_82' title='bbox 326 1463 416 1521; x_wconf 87' lang='lat' dir='ltr'>acturi</span> <span class='ocrx_word' id='word_1_83' title='bbox 430 1474 535 1534; x_wconf 88' lang='lat' dir='ltr'>essent,</span> <span class='ocrx_word' id='word_1_84' title='bbox 548 1463 753 1538; x_wconf 82' lang='lat' dir='ltr'>jussissemque</span> <span class='ocrx_word' id='word_1_85' title='bbox 767 1462 804 1520; x_wconf 90' lang='lat' dir='ltr'>T.</span> <span class='ocrx_word' id='word_1_86' title='bbox 816 1463 974 1520; x_wconf 83' lang='lat' dir='ltr'>Claudium</span> 
     </span>
     <span class='ocr_line' id='line_1_13' title="bbox 187 1558 973 1634; baseline -0.001 -17"><span class='ocrx_word' id='word_1_87' title='bbox 187 1560 401 1632; x_wconf 77' lang='lat' dir='ltr'>Centumalum,</span> <span class='ocrx_word' id='word_1_88' title='bbox 416 1560 464 1634; x_wconf 93' lang='lat' dir='ltr'>qui</span> <span class='ocrx_word' id='word_1_89' title='bbox 480 1559 555 1617; x_wconf 83' lang='lat' dir='ltr'>aedes</span> <span class='ocrx_word' id='word_1_90' title='bbox 569 1559 599 1617; x_wconf 91' lang='lat' dir='ltr'>in</span> <span class='ocrx_word' id='word_1_91' title='bbox 612 1558 704 1616; x_wconf 82' lang='lat' dir='ltr'>Caelio</span> <span class='ocrx_word' id='word_1_92' title='bbox 721 1569 820 1616; x_wconf 88' lang='lat' dir='ltr'>monte</span> <span class='ocrx_word' id='word_1_93' title='bbox 837 1559 973 1631; x_wconf 87' lang='lat' dir='ltr'>habebat,</span> 
     </span>
     <span class='ocr_line' id='line_1_14' title="bbox 188 1655 973 1731; baseline 0 -18"><span class='ocrx_word' id='word_1_94' title='bbox 188 1657 319 1714; x_wconf 88' lang='lat' dir='ltr'>demoliri</span> <span class='ocrx_word' id='word_1_95' title='bbox 339 1675 383 1727; x_wconf 88' lang='lat' dir='ltr'>ea,</span> <span class='ocrx_word' id='word_1_96' title='bbox 398 1674 519 1730; x_wconf 89' lang='lat' dir='ltr'>quorum</span> <span class='ocrx_word' id='word_1_97' title='bbox 538 1656 658 1712; x_wconf 86' lang='lat' dir='ltr'>altitudo</span> <span class='ocrx_word' id='word_1_98' title='bbox 676 1655 804 1712; x_wconf 86' lang='lat' dir='ltr'>officeret</span> <span class='ocrx_word' id='word_1_99' title='bbox 818 1655 973 1731; x_wconf 78' lang='lat' dir='ltr'>auspiciis3</span> 
     </span>
     <span class='ocr_line' id='line_1_15' title="bbox 187 1745 975 1827; baseline 0.001 -18"><span class='ocrx_word' id='word_1_100' title='bbox 187 1745 328 1809; x_wconf 82' lang='lat' dir='ltr'>Claudius</span> <span class='ocrx_word' id='word_1_101' title='bbox 354 1752 520 1827; x_wconf 79' lang='lat' dir='ltr'>proscripsit</span> <span class='ocrx_word' id='word_1_102' title='bbox 550 1752 689 1809; x_wconf 85' lang='lat' dir='ltr'>insulam:</span> <span class='ocrx_word' id='word_1_103' title='bbox 723 1752 868 1809; x_wconf 83' lang='lat' dir='ltr'>vendidit:</span> <span class='ocrx_word' id='word_1_104' title='bbox 903 1753 975 1810; x_wconf 86' lang='lat' dir='ltr'>emit</span> 
     </span>
    </p>

    <p class='ocr_par' dir='ltr' id='par_1_6' title="bbox 141 1847 976 2310">
     <span class='ocr_line' id='line_1_16' title="bbox 141 1847 974 1928; baseline 0.004 -25"><span class='ocrx_word' id='word_1_105' title='bbox 141 1853 172 1903; x_wconf 88' lang='lat'>15</span> <span class='ocrx_word' id='word_1_106' title='bbox 187 1847 219 1905; x_wconf 91' lang='lat' dir='ltr'>P.</span> <span class='ocrx_word' id='word_1_107' title='bbox 255 1847 429 1922; x_wconf 84' lang='lat' dir='ltr'>Calpurnius</span> <span class='ocrx_word' id='word_1_108' title='bbox 462 1847 619 1905; x_wconf 87' lang='lat' dir='ltr'>Lanarius:</span> <span class='ocrx_word' id='word_1_109' title='bbox 654 1847 723 1905; x_wconf 91' lang='lat' dir='ltr'>huic</span> <span class='ocrx_word' id='word_1_110' title='bbox 753 1849 789 1928; x_wconf 81' lang='lat' dir='ltr'>al&gt;</span> <span class='ocrx_word' id='word_1_111' title='bbox 816 1849 974 1925; x_wconf 85' lang='lat' dir='ltr'>auguribus</span> 
     </span>
     <span class='ocr_line' id='line_1_17' title="bbox 187 1942 974 2019; baseline 0 -18"><span class='ocrx_word' id='word_1_112' title='bbox 187 1942 259 2001; x_wconf 92' lang='lat' dir='ltr'>illud</span> <span class='ocrx_word' id='word_1_113' title='bbox 280 1942 355 1999; x_wconf 91' lang='lat' dir='ltr'>idem</span> <span class='ocrx_word' id='word_1_114' title='bbox 377 1943 575 2000; x_wconf 88' lang='lat' dir='ltr'>denuntiatum</span> <span class='ocrx_word' id='word_1_115' title='bbox 589 1952 641 2000; x_wconf 89' lang='lat' dir='ltr'>est.</span> <span class='ocrx_word' id='word_1_116' title='bbox 682 1942 783 2018; x_wconf 87' lang='lat' dir='ltr'>Itaque</span> <span class='ocrx_word' id='word_1_117' title='bbox 798 1943 974 2019; x_wconf 81' lang='lat' dir='ltr'>Calpurnius</span> 
     </span>
     <span class='ocr_line' id='line_1_18' title="bbox 188 2037 974 2116; baseline 0.001 -19"><span class='ocrx_word' id='word_1_118' title='bbox 188 2058 256 2097; x_wconf 87' lang='lat' dir='ltr'>cum</span> <span class='ocrx_word' id='word_1_119' title='bbox 282 2039 435 2096; x_wconf 88' lang='lat' dir='ltr'>demolitus</span> <span class='ocrx_word' id='word_1_120' title='bbox 461 2050 546 2110; x_wconf 91' lang='lat' dir='ltr'>esset,</span> <span class='ocrx_word' id='word_1_121' title='bbox 572 2037 791 2116; x_wconf 73' lang='lat' dir='ltr'>cognossetque,</span> <span class='ocrx_word' id='word_1_122' title='bbox 817 2040 974 2098; x_wconf 76' lang='lat' dir='ltr'>Claudium</span> 
     </span>
     <span class='ocr_line' id='line_1_19' title="bbox 188 2136 976 2214; baseline 0.003 -21"><span class='ocrx_word' id='word_1_123' title='bbox 188 2136 264 2194; x_wconf 84' lang='lat' dir='ltr'>aedes</span> <span class='ocrx_word' id='word_1_124' title='bbox 277 2146 377 2210; x_wconf 82' lang='lat' dir='ltr'>postea</span> <span class='ocrx_word' id='word_1_125' title='bbox 389 2136 599 2211; x_wconf 77' lang='lat' dir='ltr'>proscripsisse,</span> <span class='ocrx_word' id='word_1_126' title='bbox 610 2154 698 2210; x_wconf 84' lang='lat' dir='ltr'>quam</span> <span class='ocrx_word' id='word_1_127' title='bbox 719 2145 795 2192; x_wconf 86' lang='lat' dir='ltr'>esset</span> <span class='ocrx_word' id='word_1_128' title='bbox 810 2136 845 2193; x_wconf 84' lang='lat' dir='ltr'>ab</span> <span class='ocrx_word' id='word_1_129' title='bbox 860 2138 976 2214; x_wconf 85' lang='lat' dir='ltr'>auguri·</span> 
     </span>
     <span class='ocr_line' id='line_1_20' title="bbox 187 2231 974 2310; baseline 0 -19"><span class='ocrx_word' id='word_1_130' title='bbox 187 2233 241 2291; x_wconf 86' lang='lat' dir='ltr'>bus</span> <span class='ocrx_word' id='word_1_131' title='bbox 274 2232 404 2290; x_wconf 89' lang='lat' dir='ltr'>demoliri</span> <span class='ocrx_word' id='word_1_132' title='bbox 437 2232 542 2307; x_wconf 89' lang='lat' dir='ltr'>jussus,</span> <span class='ocrx_word' id='word_1_133' title='bbox 578 2231 715 2288; x_wconf 87' lang='lat' dir='ltr'>arbitrum</span> <span class='ocrx_word' id='word_1_134' title='bbox 751 2232 832 2290; x_wconf 91' lang='lat' dir='ltr'>illum</span> <span class='ocrx_word' id='word_1_135' title='bbox 866 2233 974 2310; x_wconf 84' lang='lat' dir='ltr'>adegit,</span> 
     </span>
    </p>

    <p class='ocr_par' dir='ltr' id='par_1_7' title="bbox 140 2323 975 2405">
     <span class='ocr_line' id='line_1_21' title="bbox 140 2323 975 2405; baseline 0.001 -19"><span class='ocrx_word' id='word_1_136' title='bbox 140 2336 172 2386; x_wconf 76' lang='lat'>20</span> <span class='ocrx_word' id='word_1_137' title='bbox 188 2328 355 2405; x_wconf 90' lang='lat' dir='ltr'>“quidquid</span> <span class='ocrx_word' id='word_1_138' title='bbox 382 2328 436 2384; x_wconf 92' lang='lat' dir='ltr'>sibi</span> <span class='ocrx_word' id='word_1_139' title='bbox 457 2328 534 2398; x_wconf 84' lang='lat' dir='ltr'>dare,</span> <span class='ocrx_word' id='word_1_140' title='bbox 557 2327 661 2399; x_wconf 82' lang='lat' dir='ltr'>facere,</span> <span class='ocrx_word' id='word_1_141' title='bbox 683 2323 837 2402; x_wconf 79' lang='lat' dir='ltr'>oporteret</span> <span class='ocrx_word' id='word_1_142' title='bbox 854 2348 891 2387; x_wconf 81' lang='lat' dir='ltr'>ex</span> <span class='ocrx_word' id='word_1_143' title='bbox 917 2330 975 2388; x_wconf 83' lang='lat' dir='ltr'>lide</span> 
     </span>
    </p>
   </div>
   <div class='ocr_carea' id='block_1_5' title="bbox 188 2423 1074 2501">
    <p class='ocr_par' dir='ltr' id='par_1_8' title="bbox 188 2423 1074 2501">
     <span class='ocr_line' id='line_1_22' title="bbox 188 2423 1074 2501; baseline 0.002 -19"><span class='ocrx_word' id='word_1_144' title='bbox 188 2427 293 2483; x_wconf 77' lang='lat' dir='ltr'>bonis.”</span> <span class='ocrx_word' id='word_1_145' title='bbox 335 2423 377 2480; x_wconf 89' lang='lat' dir='ltr'>M.</span> <span class='ocrx_word' id='word_1_146' title='bbox 392 2424 466 2481; x_wconf 86' lang='lat' dir='ltr'>Cato</span> <span class='ocrx_word' id='word_1_147' title='bbox 486 2424 658 2480; x_wconf 86' lang='lat' dir='ltr'>sententiam</span> <span class='ocrx_word' id='word_1_148' title='bbox 678 2424 759 2496; x_wconf 80' lang='lat' dir='ltr'>dixit,</span> <span class='ocrx_word' id='word_1_149' title='bbox 777 2425 862 2501; x_wconf 89' lang='lat' dir='ltr'>hujus</span> <span class='ocrx_word' id='word_1_150' title='bbox 881 2427 975 2484; x_wconf 90' lang='lat' dir='ltr'>nostri</span> <span class='ocrx_word' id='word_1_151' title='bbox 1073 2457 1074 2462; x_wconf 17' lang='grc' dir='ltr'><strong>κ</strong></span> 
     </span>
    </p>
   </div>
   <div class='ocr_carea' id='block_1_6' title="bbox 140 2518 976 3167">
    <p class='ocr_par' dir='ltr' id='par_1_9' title="bbox 187 2518 976 2792">
     <span class='ocr_line' id='line_1_23' title="bbox 188 2518 974 2596; baseline 0.001 -17"><span class='ocrx_word' id='word_1_152' title='bbox 188 2521 307 2579; x_wconf 88' lang='lat' dir='ltr'>Catonis</span> <span class='ocrx_word' id='word_1_153' title='bbox 317 2530 408 2596; x_wconf 85' lang='lat' dir='ltr'>pater:</span> <span class='ocrx_word' id='word_1_154' title='bbox 425 2518 470 2595; x_wconf 88' lang='lat' dir='ltr'>(ut</span> <span class='ocrx_word' id='word_1_155' title='bbox 480 2520 557 2576; x_wconf 86' lang='lat' dir='ltr'>enirn</span> <span class='ocrx_word' id='word_1_156' title='bbox 567 2520 663 2577; x_wconf 86' lang='lat' dir='ltr'>caeteri</span> <span class='ocrx_word' id='word_1_157' title='bbox 672 2539 707 2577; x_wconf 84' lang='lat' dir='ltr'>ex</span> <span class='ocrx_word' id='word_1_158' title='bbox 714 2522 851 2596; x_wconf 89' lang='lat' dir='ltr'>patribus,</span> <span class='ocrx_word' id='word_1_159' title='bbox 861 2522 974 2595; x_wconf 86' lang='lat' dir='ltr'>sichic,</span> 
     </span>
     <span class='ocr_line' id='line_1_24' title="bbox 187 2616 976 2693; baseline 0.003 -18"><span class='ocrx_word' id='word_1_160' title='bbox 187 2619 235 2693; x_wconf 93' lang='lat' dir='ltr'>qui</span> <span class='ocrx_word' id='word_1_161' title='bbox 256 2619 353 2675; x_wconf 90' lang='lat' dir='ltr'>lumen</span> <span class='ocrx_word' id='word_1_162' title='bbox 374 2616 444 2673; x_wconf 91' lang='lat' dir='ltr'>illud</span> <span class='ocrx_word' id='word_1_163' title='bbox 465 2616 627 2692; x_wconf 87' lang='lat' dir='ltr'>progenuit,</span> <span class='ocrx_word' id='word_1_164' title='bbox 642 2635 678 2674; x_wconf 83' lang='lat' dir='ltr'>ex</span> <span class='ocrx_word' id='word_1_165' title='bbox 691 2617 750 2674; x_wconf 88' lang='lat' dir='ltr'>lilio</span> <span class='ocrx_word' id='word_1_166' title='bbox 764 2627 807 2675; x_wconf 90' lang='lat' dir='ltr'>est</span> <span class='ocrx_word' id='word_1_167' title='bbox 823 2618 976 2677; x_wconf 88' lang='lat' dir='ltr'>nominan-</span> 
     </span>
     <span class='ocr_line' id='line_1_25' title="bbox 188 2712 975 2792; baseline 0.003 -22"><span class='ocrx_word' id='word_1_168' title='bbox 188 2714 266 2792; x_wconf 84' lang='lat' dir='ltr'>dus.)</span> <span class='ocrx_word' id='word_1_169' title='bbox 308 2713 338 2770; x_wconf 87' lang='lat' dir='ltr'>Is</span> <span class='ocrx_word' id='word_1_170' title='bbox 359 2712 445 2789; x_wconf 86' lang='lat' dir='ltr'>igitur</span> <span class='ocrx_word' id='word_1_171' title='bbox 463 2713 552 2788; x_wconf 81' lang='lat' dir='ltr'>judex</span> <span class='ocrx_word' id='word_1_172' title='bbox 572 2712 612 2770; x_wconf 87' lang='lat' dir='ltr'>ita</span> <span class='ocrx_word' id='word_1_173' title='bbox 628 2713 840 2789; x_wconf 85' lang='lat' dir='ltr'>pronuntiavit:</span> <span class='ocrx_word' id='word_1_174' title='bbox 862 2715 975 2773; x_wconf 91' lang='lat' dir='ltr'>cumin</span> 
     </span>
    </p>

    <p class='ocr_par' dir='ltr' id='par_1_10' title="bbox 140 2807 976 3167">
     <span class='ocr_line' id='line_1_26' title="bbox 140 2807 976 2887; baseline 0.001 -20"><span class='ocrx_word' id='word_1_175' title='bbox 140 2817 173 2867; x_wconf 51' lang='grc' dir='ltr'><strong>ὅ</strong></span> <span class='ocrx_word' id='word_1_176' title='bbox 189 2809 387 2866; x_wconf 88' lang='lat' dir='ltr'>venumdando</span> <span class='ocrx_word' id='word_1_177' title='bbox 410 2827 471 2865; x_wconf 88' lang='lat' dir='ltr'>rem</span> <span class='ocrx_word' id='word_1_178' title='bbox 494 2826 558 2865; x_wconf 86' lang='lat' dir='ltr'>eam</span> <span class='ocrx_word' id='word_1_179' title='bbox 582 2807 693 2879; x_wconf 84' lang='lat' dir='ltr'>scisset,</span> <span class='ocrx_word' id='word_1_180' title='bbox 715 2820 743 2867; x_wconf 89' lang='lat' dir='ltr'>et</span> <span class='ocrx_word' id='word_1_181' title='bbox 767 2826 825 2867; x_wconf 92' lang='lat' dir='ltr'>non</span> <span class='ocrx_word' id='word_1_182' title='bbox 849 2829 976 2887; x_wconf 89' lang='lat' dir='ltr'>pronun·</span> 
     </span>
     <span class='ocr_line' id='line_1_27' title="bbox 188 2902 976 2982; baseline 0.005 -23"><span class='ocrx_word' id='word_1_183' title='bbox 188 2903 298 2971; x_wconf 76' lang='lat' dir='ltr'>tiisset,</span> <span class='ocrx_word' id='word_1_184' title='bbox 310 2903 431 2977; x_wconf 87' lang='lat' dir='ltr'>emptori</span> <span class='ocrx_word' id='word_1_185' title='bbox 446 2902 581 2960; x_wconf 87' lang='lat' dir='ltr'>damnum</span> <span class='ocrx_word' id='word_1_186' title='bbox 595 2904 722 2978; x_wconf 75' lang='lat' dir='ltr'>praestari</span> <span class='ocrx_word' id='word_1_187' title='bbox 737 2916 875 2979; x_wconf 90' lang='lat' dir='ltr'>oportere.</span> <span class='ocrx_word' id='word_1_188' title='bbox 917 2905 976 2982; x_wconf 89' lang='lat' dir='ltr'>Igi-</span> 
     </span>
     <span class='ocr_line' id='line_1_28' title="bbox 188 2995 975 3074; baseline 0.009 -21"><span class='ocrx_word' id='word_1_189' title='bbox 188 3006 235 3053; x_wconf 87' lang='lat' dir='ltr'>tur</span> <span class='ocrx_word' id='word_1_190' title='bbox 263 2995 299 3051; x_wconf 88' lang='lat' dir='ltr'>ad</span> <span class='ocrx_word' id='word_1_191' title='bbox 326 2996 410 3053; x_wconf 87' lang='lat' dir='ltr'>fidem</span> <span class='ocrx_word' id='word_1_192' title='bbox 438 2997 543 3054; x_wconf 87' lang='lat' dir='ltr'>bonam</span> <span class='ocrx_word' id='word_1_193' title='bbox 571 2999 670 3056; x_wconf 89' lang='lat' dir='ltr'>statuit</span> <span class='ocrx_word' id='word_1_194' title='bbox 695 2999 848 3074; x_wconf 81' lang='lat' dir='ltr'>pertinere,</span> <span class='ocrx_word' id='word_1_195' title='bbox 872 3011 975 3061; x_wconf 87' lang='lat' dir='ltr'>notum</span> 
     </span>
     <span class='ocr_line' id='line_1_29' title="bbox 188 3090 863 3167; baseline 0.007 -19"><span class='ocrx_word' id='word_1_196' title='bbox 188 3105 252 3148; x_wconf 85' lang='lat' dir='ltr'>esse</span> <span class='ocrx_word' id='word_1_197' title='bbox 265 3090 385 3163; x_wconf 87' lang='lat' dir='ltr'>emptori</span> <span class='ocrx_word' id='word_1_198' title='bbox 398 3092 509 3164; x_wconf 89' lang='lat' dir='ltr'>vitium,</span> <span class='ocrx_word' id='word_1_199' title='bbox 523 3093 599 3167; x_wconf 89' lang='lat' dir='ltr'>quod</span> <span class='ocrx_word' id='word_1_200' title='bbox 613 3092 711 3151; x_wconf 67' lang='lat' dir='ltr'>nisset</span> <span class='ocrx_word' id='word_1_201' title='bbox 722 3094 863 3153; x_wconf 83' lang='lat' dir='ltr'>venditor.</span> 
     </span>
    </p>
   </div>
   <div class='ocr_carea' id='block_1_7' title="bbox 0 0 1090 3609">
    <p class='ocr_par' dir='ltr' id='par_1_11' title="bbox 0 0 1090 3609">
     <span class='ocr_line' id='line_1_30' title="bbox 0 0 1090 3609; baseline 0 0"><span class='ocrx_word' id='word_1_202' title='bbox 0 0 1090 3609; x_wconf 95' lang='lat' dir='ltr'> </span> 
     </span>
    </p>
   </div>
  </div>
 </body>
</html>
