2167 3609
135 352 175 412 20
474 360 522 409 DE
541 359 686 409 osricus.
744 435 749 450 ⁶
898 356 969 418 [LA.

182 511 288 585 ficatio,
302 512 411 571 nemini
434 530 555 586 nocens,
569 512 772 589 vituperanda:
794 513 844 570 sed
858 513 970 591 fugien-

182 610 219 667 da
232 628 343 685 semper
358 611 462 686 injuria
476 620 527 668 est.

1059 299 1073 350 λ

220 706 348 764 Maxime
371 717 465 765 autem
490 707 683 765 adducuntur
698 707 836 783 plerique,
859 717 892 764 ut
918 727 969 765 eos
1071 759 1072 764 ,

178 802 295 879 justitiae
317 804 412 879 capiat
432 804 549 876 oblivio,
569 823 636 861 cum
656 805 686 861 in
707 803 969 879 imperiorum'ho-

149 915 295 971 snorum,
323 900 431 976 gloriae,
456 901 645 976 cupiditatem
675 900 838 957 inciderint.
877 900 969 962 Quod

181 996 258 1053 enim
273 1006 316 1053 est
332 998 407 1073 apud
421 996 560 1068 Ennium,

259 1112 275 1139 “
284 1108 361 1158 Nulla
372 1115 458 1158 nancta
469 1109 583 1170 societas,
593 1124 641 1157 nec
652 1109 722 1171 fides,
733 1110 804 1175 regni
814 1110 878 1172 est‚''

182 1208 212 1264 id
231 1207 316 1265 latius
336 1218 433 1283 patet:
458 1227 535 1279 nam,
551 1208 690 1282 quidquid
711 1209 850 1285 ejusmodi
870 1219 922 1281 est,
937 1208 968 1266 iu

182 1323 238 1378 quo
258 1323 317 1360 non
337 1305 447 1379 possint
466 1305 562 1379 plures
583 1306 734 1377 excellere,
754 1306 783 1363 in
805 1325 839 1362 eo
860 1306 891 1362 fit
910 1307 970 1382 ple·

136 1410 166 1458 10
181 1419 301 1475 rumque
315 1411 395 1457 tanta
406 1402 564 1473 coutenti0,
577 1412 608 1459 ut
622 1402 823 1459 difficillimum
837 1402 873 1459 sit
887 1423 969 1460 sanc·

181 1507 239 1554 tam
267 1516 379 1554 servare
413 1497 589 1555 societatem.
631 1498 797 1555 Declaravit
826 1499 854 1555 id
882 1500 968 1556 modo

181 1593 327 1651 temeritas
341 1593 375 1650 Ο.
386 1594 519 1666 Caesaris,
532 1594 581 1669 qui
592 1594 689 1651 omnia
699 1594 765 1671 jura
775 1595 872 1652 divina
885 1605 968 1671 atque
1008 1589 1015 1604 ⁸

181 1689 307 1747 humana
326 1691 470 1765 pervertit,
492 1702 608 1766 propter
628 1710 705 1762 eum,
727 1710 811 1766 quem
832 1692 886 1748 sibi
907 1692 968 1767 ipse

181 1785 327 1861 opinionis
348 1805 444 1842 errore
465 1787 595 1858 finxerat,
609 1787 810 1862 principatum.
851 1787 905 1844 Est
922 1807 969 1845 au·
1070 1829 1072 1842 .

135 1895 166 1944 15
181 1892 239 1938 tem
260 1882 290 1939 in
312 1883 368 1939 hoo
389 1902 494 1959 genere
514 1883 675 1954 molestum,
691 1884 777 1957 quod,
793 1884 822 1939 in
837 1884 968 1941 maximis

182 1978 294 2050 animm,
319 1979 615 2054 splendidissimisque
640 1979 773 2056 ingeniis,
800 1980 968 2056 plerumque

180 2075 322 2133 exsistunt
337 2076 464 2147 honoris
480 2075 602 2151 imperii,
617 2077 763 2150 potentiae,
778 2076 875 2153 gloriae
890 2078 969 2152 cupi·

181 2172 302 2230 ditatos:
325 2192 380 2247 quo
394 2172 485 2250 magis
506 2172 666 2230 cavendum
688 2183 740 2244 est,
754 2174 874 2248 nequid
889 2173 918 2230 in
932 2192 968 2231 eo

181 2288 287 2347 genere
301 2279 447 2345 peccetur.

134 2372 166 2422 20
222 2367 279 2424 Sed
308 2367 337 2423 iu
366 2366 445 2424 omni
472 2366 613 2441 injustitiis
639 2365 812 2440 permultum
840 2357 968 2439 interest,

181 2472 276 2519 utrum
297 2462 513 2535 perturbatione
536 2461 631 2535 aliqud
653 2462 740 2518 animi
757 2460 833 2537 (quae
847 2463 969 2538 plerum-

181 2576 236 2632 que
258 2556 351 2613 bravis
373 2567 426 2627 est,
449 2566 477 2612 et
500 2557 535 2615 ad
557 2544 694 2636 ternpus),
721 2577 756 2614 an
782 2560 915 2616 consulto
939 2570 968 2617 et

181 2654 318 2730 cogitata,
341 2652 390 2708 fiat
411 2651 522 2727 injuria.
565 2652 687 2709 Leviora
707 2653 783 2710 enim
805 2665 881 2725 sunt,
905 2676 968 2730 quae

181 2748 331 2825 repentino
354 2747 448 2824 aliquo
469 2759 547 2806 motu
571 2749 716 2821 accidunt,
738 2768 822 2825 quam
843 2768 887 2820 ea,
905 2771 968 2825 quae

135 2860 167 2911 25
181 2847 319 2904 meditata
339 2856 367 2903 et
387 2857 544 2922 praeparata
563 2846 732 2904 inferuntur.
775 2845 822 2902 Ac
842 2845 877 2901 de
898 2846 969 2904 infe-

181 2943 271 3002 reudd
284 2942 399 3019 quidem
414 2943 518 3020 injurii
532 2944 601 3000 satis
615 2943 725 3000 dictum
739 2953 790 3001 est.

220 3133 276 3195 IX.
296 3135 551 3197 Praetermitteudae
573 3145 668 3196 autem
688 3136 875 3214 defensionis,
889 3139 969 3198 dese-
