<?xml version="1.0" encoding="UTF-8"?>
<!DOCTYPE html PUBLIC "-//W3C//DTD XHTML 1.0 Transitional//EN"
    "http://www.w3.org/TR/xhtml1/DTD/xhtml1-transitional.dtd">
<html xmlns="http://www.w3.org/1999/xhtml" xml:lang="en" lang="en">
 <head>
  <title>
</title>
<meta http-equiv="Content-Type" content="text/html;charset=utf-8" />
  <meta name='ocr-system' content='tesseract 3.04.00' />
  <meta name='ocr-capabilities' content='ocr_page ocr_carea ocr_par ocr_line ocrx_word'/>
</head>
<body>
  <div class='ocr_page' id='page_1' title='image "./mtciceronisdeof01dillgoog/mtciceronisdeof01dillgoog_0092.png"; bbox 0 0 2167 3609; ppageno 0'>
   <div class='ocr_carea' id='block_1_1' title="bbox 122 362 966 432">
    <p class='ocr_par' dir='ltr' id='par_1_1' title="bbox 122 362 966 432">
     <span class='ocr_line' id='line_1_1' title="bbox 122 362 966 432; baseline -0.006 -10"><span class='ocrx_word' id='word_1_1' title='bbox 122 362 164 422; x_wconf 81' lang='grc'><strong>86</strong></span> <span class='ocrx_word' id='word_1_2' title='bbox 454 371 498 419; x_wconf 81' lang='lat' dir='ltr'><strong>ou</strong></span> <span class='ocrx_word' id='word_1_3' title='bbox 516 371 664 419; x_wconf 79' lang='lat' dir='ltr'><strong>osricus.</strong></span> <span class='ocrx_word' id='word_1_4' title='bbox 895 371 966 432; x_wconf 79' lang='lat' dir='ltr'><strong>[nr.</strong></span> 
     </span>
    </p>
   </div>
   <div class='ocr_carea' id='block_1_2' title="bbox 127 517 971 3120">
    <p class='ocr_par' dir='ltr' id='par_1_2' title="bbox 171 517 968 886">
     <span class='ocr_line' id='line_1_2' title="bbox 209 517 968 598; baseline -0.004 -18"><span class='ocrx_word' id='word_1_5' title='bbox 209 520 320 580; x_wconf 89' lang='lat' dir='ltr'><strong>XLIV.</strong></span> <span class='ocrx_word' id='word_1_6' title='bbox 342 522 439 598; x_wconf 88' lang='lat' dir='ltr'><strong>Atque</strong></span> <span class='ocrx_word' id='word_1_7' title='bbox 460 521 511 593; x_wconf 91' lang='lat' dir='ltr'><strong>illi,</strong></span> <span class='ocrx_word' id='word_1_8' title='bbox 526 540 647 598; x_wconf 91' lang='lat' dir='ltr'><strong>quorum</strong></span> <span class='ocrx_word' id='word_1_9' title='bbox 668 517 764 580; x_wconf 88' lang='lat' dir='ltr'><strong>studia</strong></span> <span class='ocrx_word' id='word_1_10' title='bbox 776 527 891 597; x_wconf 79' lang='lat' dir='ltr'><strong>vitaque</strong></span> <span class='ocrx_word' id='word_1_11' title='bbox 905 537 968 577; x_wconf 91' lang='lat' dir='ltr'><strong>om·</strong></span> 
     </span>
     <span class='ocr_line' id='line_1_3' title="bbox 171 615 968 695; baseline -0.004 -18"><span class='ocrx_word' id='word_1_12' title='bbox 171 619 216 677; x_wconf 91' lang='lat' dir='ltr'><strong>nis</strong></span> <span class='ocrx_word' id='word_1_13' title='bbox 236 618 267 677; x_wconf 90' lang='lat' dir='ltr'><strong>in</strong></span> <span class='ocrx_word' id='word_1_14' title='bbox 287 638 382 677; x_wconf 88' lang='lat' dir='ltr'><strong>rerum</strong></span> <span class='ocrx_word' id='word_1_15' title='bbox 404 618 574 695; x_wconf 79' lang='lat' dir='ltr'>cognitione</span> <span class='ocrx_word' id='word_1_16' title='bbox 595 628 707 675; x_wconf 86' lang='lat' dir='ltr'><strong>versata</strong></span> <span class='ocrx_word' id='word_1_17' title='bbox 733 627 786 688; x_wconf 89' lang='lat' dir='ltr'><strong>est,</strong></span> <span class='ocrx_word' id='word_1_18' title='bbox 807 625 904 675; x_wconf 89' lang='lat' dir='ltr'><strong>tamen</strong></span> <span class='ocrx_word' id='word_1_19' title='bbox 929 615 968 674; x_wconf 88' lang='lat' dir='ltr'><strong>ab</strong></span> 
     </span>
     <span class='ocr_line' id='line_1_4' title="bbox 172 714 968 794; baseline -0.004 -20"><span class='ocrx_word' id='word_1_20' title='bbox 172 717 311 794; x_wconf 80' lang='lat' dir='ltr'><strong>augendis</strong></span> <span class='ocrx_word' id='word_1_21' title='bbox 327 716 476 774; x_wconf 88' lang='lat' dir='ltr'><strong>hominum</strong></span> <span class='ocrx_word' id='word_1_22' title='bbox 497 715 670 773; x_wconf 82' lang='lat' dir='ltr'><strong>utilitatibus</strong></span> <span class='ocrx_word' id='word_1_23' title='bbox 684 725 714 772; x_wconf 85' lang='lat' dir='ltr'><strong>et</strong></span> <span class='ocrx_word' id='word_1_24' title='bbox 728 714 886 773; x_wconf 89' lang='lat' dir='ltr'><strong>commodis</strong></span> <span class='ocrx_word' id='word_1_25' title='bbox 905 733 968 771; x_wconf 91' lang='lat' dir='ltr'><strong>non</strong></span> 
     </span>
     <span class='ocr_line' id='line_1_5' title="bbox 171 810 968 886; baseline -0.005 -15"><span class='ocrx_word' id='word_1_26' title='bbox 171 823 361 871; x_wconf 89' lang='lat' dir='ltr'><strong>recesserunt.</strong></span> <span class='ocrx_word' id='word_1_27' title='bbox 403 812 481 870; x_wconf 89' lang='lat' dir='ltr'><strong>Nam</strong></span> <span class='ocrx_word' id='word_1_28' title='bbox 505 822 534 870; x_wconf 92' lang='lat' dir='ltr'><strong>et</strong></span> <span class='ocrx_word' id='word_1_29' title='bbox 561 812 747 870; x_wconf 83' lang='lat' dir='ltr'><strong>erudiverunt</strong></span> <span class='ocrx_word' id='word_1_30' title='bbox 774 810 968 886; x_wconf 65' lang='lat' dir='ltr'><strong>multosque</strong></span> 
     </span>
    </p>

    <p class='ocr_par' dir='ltr' id='par_1_3' title="bbox 127 907 971 3120">
     <span class='ocr_line' id='line_1_6' title="bbox 140 907 969 984; baseline -0.006 -15"><span class='ocrx_word' id='word_1_31' title='bbox 140 910 306 969; x_wconf 68' lang='lat' dir='ltr'><strong>omeliores</strong></span> <span class='ocrx_word' id='word_1_32' title='bbox 326 910 414 983; x_wconf 86' lang='lat' dir='ltr'><strong>cives,</strong></span> <span class='ocrx_word' id='word_1_33' title='bbox 436 910 623 984; x_wconf 85' lang='lat' dir='ltr'><strong>utilioresque</strong></span> <span class='ocrx_word' id='word_1_34' title='bbox 643 909 730 965; x_wconf 89' lang='lat' dir='ltr'><strong>rebus</strong></span> <span class='ocrx_word' id='word_1_35' title='bbox 756 908 817 965; x_wconf 90' lang='lat' dir='ltr'><strong>suis</strong></span> <span class='ocrx_word' id='word_1_36' title='bbox 839 907 969 984; x_wconf 85' lang='lat' dir='ltr'><strong>publicis</strong></span> 
     </span>
     <span class='ocr_line' id='line_1_7' title="bbox 137 1004 969 1082; baseline -0.004 -17"><span class='ocrx_word' id='word_1_37' title='bbox 137 1009 140 1014; x_wconf 54' lang='lat'><strong>⁴</strong></span> <span class='ocrx_word' id='word_1_38' title='bbox 172 1018 290 1078; x_wconf 90' lang='lat' dir='ltr'><strong>essent;</strong></span> <span class='ocrx_word' id='word_1_39' title='bbox 331 1017 363 1065; x_wconf 91' lang='lat' dir='ltr'><strong>ut</strong></span> <span class='ocrx_word' id='word_1_40' title='bbox 399 1007 577 1065; x_wconf 87' lang='lat' dir='ltr'><strong>Thebanum</strong></span> <span class='ocrx_word' id='word_1_41' title='bbox 613 1006 845 1082; x_wconf 81' lang='lat' dir='ltr'><strong>Epaminondam</strong></span> <span class='ocrx_word' id='word_1_42' title='bbox 882 1004 969 1081; x_wconf 85' lang='lat' dir='ltr'><strong>Lysis</strong></span> 
     </span>
     <span class='ocr_line' id='line_1_8' title="bbox 172 1101 969 1182; baseline -0.005 -20"><span class='ocrx_word' id='word_1_43' title='bbox 172 1103 380 1182; x_wconf 87' lang='lat' dir='ltr'><strong>Pythagoreus,</strong></span> <span class='ocrx_word' id='word_1_44' title='bbox 403 1104 590 1179; x_wconf 86' lang='lat' dir='ltr'><strong>Syracusium</strong></span> <span class='ocrx_word' id='word_1_45' title='bbox 610 1103 736 1160; x_wconf 87' lang='lat' dir='ltr'><strong>Dionem</strong></span> <span class='ocrx_word' id='word_1_46' title='bbox 758 1101 851 1174; x_wconf 86' lang='lat' dir='ltr'><strong>Plato,</strong></span> <span class='ocrx_word' id='word_1_47' title='bbox 872 1102 969 1159; x_wconf 90' lang='lat' dir='ltr'><strong>multi-</strong></span> 
     </span>
     <span class='ocr_line' id='line_1_9' title="bbox 172 1198 970 1277; baseline -0.003 -19"><span class='ocrx_word' id='word_1_48' title='bbox 172 1221 228 1277; x_wconf 90' lang='lat' dir='ltr'><strong>que</strong></span> <span class='ocrx_word' id='word_1_49' title='bbox 248 1203 371 1259; x_wconf 88' lang='lat' dir='ltr'><strong>multos:</strong></span> <span class='ocrx_word' id='word_1_50' title='bbox 393 1219 503 1276; x_wconf 91' lang='lat' dir='ltr'><strong>nosque</strong></span> <span class='ocrx_word' id='word_1_51' title='bbox 521 1201 587 1277; x_wconf 88' lang='lat' dir='ltr'><strong>ipsi,</strong></span> <span class='ocrx_word' id='word_1_52' title='bbox 602 1200 741 1275; x_wconf 92' lang='lat' dir='ltr'><strong>quidquid</strong></span> <span class='ocrx_word' id='word_1_53' title='bbox 763 1199 799 1257; x_wconf 87' lang='lat' dir='ltr'><strong>ad</strong></span> <span class='ocrx_word' id='word_1_54' title='bbox 813 1198 970 1275; x_wconf 89' lang='lat' dir='ltr'><strong>rempubli-</strong></span> 
     </span>
     <span class='ocr_line' id='line_1_10' title="bbox 174 1296 969 1376; baseline -0.001 -21"><span class='ocrx_word' id='word_1_55' title='bbox 174 1318 238 1355; x_wconf 91' lang='lat' dir='ltr'><strong>cam</strong></span> <span class='ocrx_word' id='word_1_56' title='bbox 267 1297 423 1369; x_wconf 87' lang='lat' dir='ltr'><strong>attulimus,</strong></span> <span class='ocrx_word' id='word_1_57' title='bbox 446 1296 484 1375; x_wconf 89' lang='lat' dir='ltr'><strong>(si</strong></span> <span class='ocrx_word' id='word_1_58' title='bbox 511 1297 599 1354; x_wconf 90' lang='lat' dir='ltr'><strong>modo</strong></span> <span class='ocrx_word' id='word_1_59' title='bbox 628 1297 735 1372; x_wconf 91' lang='lat' dir='ltr'><strong>aliquid</strong></span> <span class='ocrx_word' id='word_1_60' title='bbox 763 1296 924 1376; x_wconf 84' lang='lat' dir='ltr'><strong>attulimus)</strong></span> <span class='ocrx_word' id='word_1_61' title='bbox 950 1315 969 1354; x_wconf 81' lang='lat' dir='ltr'><strong>a</strong></span> 
     </span>
     <span class='ocr_line' id='line_1_11' title="bbox 127 1394 968 1470; baseline 0.005 -24"><span class='ocrx_word' id='word_1_62' title='bbox 127 1397 159 1447; x_wconf 81' lang='lat'><strong>1⁰</strong></span> <span class='ocrx_word' id='word_1_63' title='bbox 173 1394 342 1462; x_wconf 84' lang='lat' dir='ltr'><strong>doctoribus</strong></span> <span class='ocrx_word' id='word_1_64' title='bbox 363 1404 447 1470; x_wconf 87' lang='lat' dir='ltr'><strong>atque</strong></span> <span class='ocrx_word' id='word_1_65' title='bbox 469 1413 486 1451; x_wconf 87' lang='lat' dir='ltr'><strong>a</strong></span> <span class='ocrx_word' id='word_1_66' title='bbox 505 1394 640 1451; x_wconf 74' lang='lat' dir='ltr'><strong>doctrina</strong></span> <span class='ocrx_word' id='word_1_67' title='bbox 664 1394 807 1465; x_wconf 81' lang='lat' dir='ltr'><strong>instructi,</strong></span> <span class='ocrx_word' id='word_1_68' title='bbox 829 1394 865 1451; x_wconf 93' lang='lat' dir='ltr'><strong>ad</strong></span> <span class='ocrx_word' id='word_1_69' title='bbox 891 1412 968 1465; x_wconf 88' lang='lat' dir='ltr'><strong>eam,</strong></span> 
     </span>
     <span class='ocr_line' id='line_1_12' title="bbox 173 1490 970 1566; baseline -0.003 -17"><span class='ocrx_word' id='word_1_70' title='bbox 173 1503 203 1549; x_wconf 91' lang='lat' dir='ltr'><strong>et</strong></span> <span class='ocrx_word' id='word_1_71' title='bbox 222 1491 325 1563; x_wconf 87' lang='lat' dir='ltr'><strong>ornati,</strong></span> <span class='ocrx_word' id='word_1_72' title='bbox 348 1491 531 1549; x_wconf 87' lang='lat' dir='ltr'><strong>accessimus.</strong></span> <span class='ocrx_word' id='word_1_73' title='bbox 574 1490 678 1566; x_wconf 86' lang='lat' dir='ltr'><strong>Neque</strong></span> <span class='ocrx_word' id='word_1_74' title='bbox 699 1491 792 1548; x_wconf 89' lang='lat' dir='ltr'><strong>solum</strong></span> <span class='ocrx_word' id='word_1_75' title='bbox 812 1491 867 1548; x_wconf 88' lang='lat' dir='ltr'><strong>vivi</strong></span> <span class='ocrx_word' id='word_1_76' title='bbox 882 1500 970 1566; x_wconf 86' lang='lat' dir='ltr'><strong>atque</strong></span> 
     </span>
     <span class='ocr_line' id='line_1_13' title="bbox 172 1588 970 1665; baseline 0.001 -20"><span class='ocrx_word' id='word_1_77' title='bbox 172 1599 329 1665; x_wconf 74' lang='lat' dir='ltr'><strong>presentes</strong></span> <span class='ocrx_word' id='word_1_78' title='bbox 366 1589 507 1647; x_wconf 88' lang='lat' dir='ltr'><strong>studiosos</strong></span> <span class='ocrx_word' id='word_1_79' title='bbox 544 1588 677 1646; x_wconf 91' lang='lat' dir='ltr'><strong>discendi</strong></span> <span class='ocrx_word' id='word_1_80' title='bbox 711 1588 847 1646; x_wconf 92' lang='lat' dir='ltr'><strong>erudiunt</strong></span> <span class='ocrx_word' id='word_1_81' title='bbox 882 1601 970 1662; x_wconf 85' lang='lat' dir='ltr'><strong>atque</strong></span> 
     </span>
     <span class='ocr_line' id='line_1_14' title="bbox 174 1686 969 1762; baseline 0 -20"><span class='ocrx_word' id='word_1_82' title='bbox 174 1686 297 1756; x_wconf 85' lang='lat' dir='ltr'><strong>doceut;</strong></span> <span class='ocrx_word' id='word_1_83' title='bbox 336 1686 387 1746; x_wconf 93' lang='lat' dir='ltr'><strong>sed</strong></span> <span class='ocrx_word' id='word_1_84' title='bbox 422 1686 478 1744; x_wconf 90' lang='lat' dir='ltr'><strong>hoc</strong></span> <span class='ocrx_word' id='word_1_85' title='bbox 513 1686 590 1744; x_wconf 89' lang='lat' dir='ltr'><strong>idem</strong></span> <span class='ocrx_word' id='word_1_86' title='bbox 624 1686 712 1743; x_wconf 89' lang='lat' dir='ltr'><strong>etiam</strong></span> <span class='ocrx_word' id='word_1_87' title='bbox 745 1696 808 1762; x_wconf 88' lang='lat' dir='ltr'><strong>post</strong></span> <span class='ocrx_word' id='word_1_88' title='bbox 844 1694 969 1742; x_wconf 89' lang='lat' dir='ltr'><strong>mortem</strong></span> 
     </span>
     <span class='ocr_line' id='line_1_15' title="bbox 174 1781 968 1858; baseline 0.001 -19"><span class='ocrx_word' id='word_1_89' title='bbox 174 1782 360 1842; x_wconf 88' lang='lat' dir='ltr'><strong>monimentis</strong></span> <span class='ocrx_word' id='word_1_90' title='bbox 387 1783 534 1841; x_wconf 87' lang='lat' dir='ltr'><strong>literarum</strong></span> <span class='ocrx_word' id='word_1_91' title='bbox 563 1793 761 1858; x_wconf 85' lang='lat' dir='ltr'><strong>assequuntur.</strong></span> <span class='ocrx_word' id='word_1_92' title='bbox 802 1781 869 1841; x_wconf 88' lang='lat' dir='ltr'><strong>Nec</strong></span> <span class='ocrx_word' id='word_1_93' title='bbox 889 1781 968 1840; x_wconf 89' lang='lat' dir='ltr'><strong>euim</strong></span> 
     </span>
     <span class='ocr_line' id='line_1_16' title="bbox 129 1878 968 1957; baseline -0.002 -19"><span class='ocrx_word' id='word_1_94' title='bbox 129 1888 160 1938; x_wconf 85' lang='lat'><strong>15</strong></span> <span class='ocrx_word' id='word_1_95' title='bbox 175 1880 255 1938; x_wconf 91' lang='lat' dir='ltr'><strong>locus</strong></span> <span class='ocrx_word' id='word_1_96' title='bbox 290 1880 365 1938; x_wconf 89' lang='lat' dir='ltr'><strong>ullus</strong></span> <span class='ocrx_word' id='word_1_97' title='bbox 397 1880 608 1957; x_wconf 72' lang='lat' dir='ltr'><strong>pretermissas</strong></span> <span class='ocrx_word' id='word_1_98' title='bbox 641 1890 684 1937; x_wconf 91' lang='lat' dir='ltr'><strong>est</strong></span> <span class='ocrx_word' id='word_1_99' title='bbox 718 1881 754 1937; x_wconf 91' lang='lat' dir='ltr'><strong>ab</strong></span> <span class='ocrx_word' id='word_1_100' title='bbox 781 1879 826 1951; x_wconf 88' lang='lat' dir='ltr'><strong>iis,</strong></span> <span class='ocrx_word' id='word_1_101' title='bbox 854 1879 903 1955; x_wconf 91' lang='lat' dir='ltr'><strong>qui</strong></span> <span class='ocrx_word' id='word_1_102' title='bbox 931 1878 968 1937; x_wconf 92' lang='lat' dir='ltr'><strong>ad</strong></span> 
     </span>
     <span class='ocr_line' id='line_1_17' title="bbox 175 1976 969 2053; baseline 0 -20"><span class='ocrx_word' id='word_1_103' title='bbox 175 1977 264 2053; x_wconf 87' lang='lat' dir='ltr'><strong>leges,</strong></span> <span class='ocrx_word' id='word_1_104' title='bbox 291 1977 342 2052; x_wconf 90' lang='lat' dir='ltr'><strong>qui</strong></span> <span class='ocrx_word' id='word_1_105' title='bbox 370 1977 405 2035; x_wconf 90' lang='lat' dir='ltr'><strong>ad</strong></span> <span class='ocrx_word' id='word_1_106' title='bbox 433 1996 535 2048; x_wconf 89' lang='lat' dir='ltr'><strong>mores,</strong></span> <span class='ocrx_word' id='word_1_107' title='bbox 564 1977 614 2052; x_wconf 92' lang='lat' dir='ltr'><strong>qui</strong></span> <span class='ocrx_word' id='word_1_108' title='bbox 641 1978 677 2034; x_wconf 93' lang='lat' dir='ltr'><strong>ad</strong></span> <span class='ocrx_word' id='word_1_109' title='bbox 704 1976 886 2052; x_wconf 79' lang='lat' dir='ltr'><strong>disciplinam</strong></span> <span class='ocrx_word' id='word_1_110' title='bbox 914 1976 969 2034; x_wconf 88' lang='lat' dir='ltr'><strong>rei·</strong></span> 
     </span>
     <span class='ocr_line' id='line_1_18' title="bbox 174 2073 969 2150; baseline 0 -19"><span class='ocrx_word' id='word_1_111' title='bbox 174 2073 308 2150; x_wconf 75' lang='lat' dir='ltr'><strong>publica,</strong></span> <span class='ocrx_word' id='word_1_112' title='bbox 322 2073 495 2150; x_wconf 90' lang='lat' dir='ltr'><strong>pertineret;</strong></span> <span class='ocrx_word' id='word_1_113' title='bbox 517 2083 550 2130; x_wconf 91' lang='lat' dir='ltr'><strong>ut</strong></span> <span class='ocrx_word' id='word_1_114' title='bbox 563 2074 654 2130; x_wconf 91' lang='lat' dir='ltr'><strong>otium</strong></span> <span class='ocrx_word' id='word_1_115' title='bbox 675 2092 759 2130; x_wconf 89' lang='lat' dir='ltr'><strong>suum</strong></span> <span class='ocrx_word' id='word_1_116' title='bbox 781 2074 816 2131; x_wconf 93' lang='lat' dir='ltr'><strong>ad</strong></span> <span class='ocrx_word' id='word_1_117' title='bbox 836 2082 969 2131; x_wconf 90' lang='lat' dir='ltr'><strong>nostrum</strong></span> 
     </span>
     <span class='ocr_line' id='line_1_19' title="bbox 175 2169 968 2248; baseline -0.003 -20"><span class='ocrx_word' id='word_1_118' title='bbox 175 2170 324 2248; x_wconf 84' lang='lat' dir='ltr'><strong>negotium</strong></span> <span class='ocrx_word' id='word_1_119' title='bbox 359 2170 517 2228; x_wconf 82' lang='lat' dir='ltr'><strong>contulisse</strong></span> <span class='ocrx_word' id='word_1_120' title='bbox 546 2170 705 2227; x_wconf 89' lang='lat' dir='ltr'><strong>videantur.</strong></span> <span class='ocrx_word' id='word_1_121' title='bbox 761 2169 808 2228; x_wconf 90' lang='lat' dir='ltr'><strong>Ita</strong></span> <span class='ocrx_word' id='word_1_122' title='bbox 835 2169 876 2226; x_wconf 91' lang='lat' dir='ltr'><strong>illi</strong></span> <span class='ocrx_word' id='word_1_123' title='bbox 903 2169 968 2246; x_wconf 89' lang='lat' dir='ltr'><strong>ipsi,</strong></span> 
     </span>
     <span class='ocr_line' id='line_1_20' title="bbox 175 2265 969 2343; baseline 0 -19"><span class='ocrx_word' id='word_1_124' title='bbox 175 2268 315 2326; x_wconf 76' lang='lat' dir='ltr'><strong>doctrine</strong></span> <span class='ocrx_word' id='word_1_125' title='bbox 330 2268 432 2325; x_wconf 93' lang='lat' dir='ltr'><strong>studiis</strong></span> <span class='ocrx_word' id='word_1_126' title='bbox 446 2279 475 2326; x_wconf 89' lang='lat' dir='ltr'><strong>et</strong></span> <span class='ocrx_word' id='word_1_127' title='bbox 489 2268 637 2343; x_wconf 75' lang='lat' dir='ltr'><strong>sapientia</strong></span> <span class='ocrx_word' id='word_1_128' title='bbox 652 2266 752 2333; x_wconf 89' lang='lat' dir='ltr'><strong>dediti,</strong></span> <span class='ocrx_word' id='word_1_129' title='bbox 768 2265 804 2324; x_wconf 87' lang='lat' dir='ltr'><strong>ad</strong></span> <span class='ocrx_word' id='word_1_130' title='bbox 818 2266 969 2324; x_wconf 88' lang='lat' dir='ltr'><strong>hominum</strong></span> 
     </span>
     <span class='ocr_line' id='line_1_21' title="bbox 128 2363 969 2442; baseline -0.008 -15"><span class='ocrx_word' id='word_1_131' title='bbox 128 2377 160 2427; x_wconf 77' lang='lat'><strong>20</strong></span> <span class='ocrx_word' id='word_1_132' title='bbox 176 2366 328 2424; x_wconf 86' lang='lat' dir='ltr'><strong>utilitatem</strong></span> <span class='ocrx_word' id='word_1_133' title='bbox 362 2385 443 2424; x_wconf 88' lang='lat' dir='ltr'><strong>suam</strong></span> <span class='ocrx_word' id='word_1_134' title='bbox 478 2364 698 2442; x_wconf 84' lang='lat' dir='ltr'><strong>intelligentiam</strong></span> <span class='ocrx_word' id='word_1_135' title='bbox 729 2363 969 2440; x_wconf 87' lang='lat' dir='ltr'><strong>prudentiamque</strong></span> 
     </span>
     <span class='ocr_line' id='line_1_22' title="bbox 174 2460 969 2538; baseline 0.003 -19"><span class='ocrx_word' id='word_1_136' title='bbox 174 2463 355 2538; x_wconf 88' lang='lat' dir='ltr'><strong>potissimum</strong></span> <span class='ocrx_word' id='word_1_137' title='bbox 393 2462 555 2520; x_wconf 86' lang='lat' dir='ltr'><strong>conserunt.</strong></span> <span class='ocrx_word' id='word_1_138' title='bbox 610 2460 658 2518; x_wconf 92' lang='lat' dir='ltr'><strong>Ob</strong></span> <span class='ocrx_word' id='word_1_139' title='bbox 695 2480 816 2536; x_wconf 90' lang='lat' dir='ltr'><strong>eamque</strong></span> <span class='ocrx_word' id='word_1_140' title='bbox 850 2479 969 2521; x_wconf 86' lang='lat' dir='ltr'><strong>causam</strong></span> 
     </span>
     <span class='ocr_line' id='line_1_23' title="bbox 175 2558 968 2634; baseline -0.001 -18"><span class='ocrx_word' id='word_1_141' title='bbox 175 2558 272 2632; x_wconf 90' lang='lat' dir='ltr'><strong>eloqui</strong></span> <span class='ocrx_word' id='word_1_142' title='bbox 306 2558 432 2634; x_wconf 89' lang='lat' dir='ltr'><strong>copiose,</strong></span> <span class='ocrx_word' id='word_1_143' title='bbox 460 2558 547 2615; x_wconf 90' lang='lat' dir='ltr'><strong>modo</strong></span> <span class='ocrx_word' id='word_1_144' title='bbox 580 2559 748 2634; x_wconf 86' lang='lat' dir='ltr'><strong>prudenter,</strong></span> <span class='ocrx_word' id='word_1_145' title='bbox 776 2558 880 2616; x_wconf 88' lang='lat' dir='ltr'><strong>melius</strong></span> <span class='ocrx_word' id='word_1_146' title='bbox 914 2567 968 2629; x_wconf 89' lang='lat' dir='ltr'><strong>est,</strong></span> 
     </span>
     <span class='ocr_line' id='line_1_24' title="bbox 174 2653 968 2731; baseline 0.001 -21"><span class='ocrx_word' id='word_1_147' title='bbox 174 2673 260 2729; x_wconf 90' lang='lat' dir='ltr'><strong>quam</strong></span> <span class='ocrx_word' id='word_1_148' title='bbox 280 2655 324 2711; x_wconf 89' lang='lat' dir='ltr'><strong>vel</strong></span> <span class='ocrx_word' id='word_1_149' title='bbox 347 2654 512 2711; x_wconf 88' lang='lat' dir='ltr'><strong>acutissime</strong></span> <span class='ocrx_word' id='word_1_150' title='bbox 539 2654 602 2711; x_wconf 87' lang='lat' dir='ltr'><strong>sine</strong></span> <span class='ocrx_word' id='word_1_151' title='bbox 629 2653 795 2729; x_wconf 67' lang='lat' dir='ltr'><strong>eloquentia</strong></span> <span class='ocrx_word' id='word_1_152' title='bbox 822 2654 968 2731; x_wconf 81' lang='lat' dir='ltr'><strong>cogitare3</strong></span> 
     </span>
     <span class='ocr_line' id='line_1_25' title="bbox 175 2750 971 2828; baseline 0.003 -21"><span class='ocrx_word' id='word_1_153' title='bbox 175 2751 252 2825; x_wconf 92' lang='lat' dir='ltr'><strong>quod</strong></span> <span class='ocrx_word' id='word_1_154' title='bbox 280 2751 420 2828; x_wconf 88' lang='lat' dir='ltr'><strong>cogitatio</strong></span> <span class='ocrx_word' id='word_1_155' title='bbox 447 2750 477 2808; x_wconf 91' lang='lat' dir='ltr'><strong>in</strong></span> <span class='ocrx_word' id='word_1_156' title='bbox 504 2770 535 2809; x_wconf 90' lang='lat' dir='ltr'><strong>se</strong></span> <span class='ocrx_word' id='word_1_157' title='bbox 563 2750 626 2827; x_wconf 69' lang='lat' dir='ltr'><strong>ipsit</strong></span> <span class='ocrx_word' id='word_1_158' title='bbox 652 2750 782 2823; x_wconf 83' lang='lat' dir='ltr'><strong>vertitur,</strong></span> <span class='ocrx_word' id='word_1_159' title='bbox 801 2750 971 2826; x_wconf 76' lang='lat' dir='ltr'><strong>,eloquentia</strong></span> 
     </span>
     <span class='ocr_line' id='line_1_26' title="bbox 129 2846 970 2924; baseline -0.005 -17"><span class='ocrx_word' id='word_1_160' title='bbox 129 2858 162 2907; x_wconf 74' lang='lat'><strong>25</strong></span> <span class='ocrx_word' id='word_1_161' title='bbox 176 2847 377 2924; x_wconf 89' lang='lat' dir='ltr'><strong>complectitur</strong></span> <span class='ocrx_word' id='word_1_162' title='bbox 392 2867 450 2920; x_wconf 86' lang='lat' dir='ltr'><strong>eos,</strong></span> <span class='ocrx_word' id='word_1_163' title='bbox 466 2848 639 2924; x_wconf 90' lang='lat' dir='ltr'><strong>quibuscum</strong></span> <span class='ocrx_word' id='word_1_164' title='bbox 654 2848 862 2906; x_wconf 88' lang='lat' dir='ltr'><strong>communitate</strong></span> <span class='ocrx_word' id='word_1_165' title='bbox 872 2846 970 2923; x_wconf 86' lang='lat' dir='ltr'><strong>juncti</strong></span> 
     </span>
     <span class='ocr_line' id='line_1_27' title="bbox 176 2943 970 3021; baseline 0.001 -21"><span class='ocrx_word' id='word_1_166' title='bbox 176 2962 283 3001; x_wconf 87' lang='lat' dir='ltr'><strong>sumus.</strong></span> <span class='ocrx_word' id='word_1_167' title='bbox 325 2945 431 3021; x_wconf 93' lang='lat' dir='ltr'><strong>Atque,</strong></span> <span class='ocrx_word' id='word_1_168' title='bbox 446 2956 476 3002; x_wconf 87' lang='lat' dir='ltr'><strong>ut</strong></span> <span class='ocrx_word' id='word_1_169' title='bbox 498 2964 583 3020; x_wconf 87' lang='lat' dir='ltr'><strong>apum</strong></span> <span class='ocrx_word' id='word_1_170' title='bbox 601 2944 736 3002; x_wconf 84' lang='lat' dir='ltr'><strong>examina</strong></span> <span class='ocrx_word' id='word_1_171' title='bbox 748 2963 809 3001; x_wconf 90' lang='lat' dir='ltr'><strong>non</strong></span> <span class='ocrx_word' id='word_1_172' title='bbox 822 2943 970 3021; x_wconf 87' lang='lat' dir='ltr'><strong>fingendo·</strong></span> 
     </span>
     <span class='ocr_line' id='line_1_28' title="bbox 176 3039 971 3120; baseline 0.001 -23"><span class='ocrx_word' id='word_1_173' title='bbox 176 3058 240 3098; x_wconf 92' lang='lat' dir='ltr'><strong>rum</strong></span> <span class='ocrx_word' id='word_1_174' title='bbox 255 3039 383 3099; x_wconf 85' lang='lat' dir='ltr'><strong>favorum</strong></span> <span class='ocrx_word' id='word_1_175' title='bbox 398 3041 492 3099; x_wconf 63' lang='lat' dir='ltr'><strong>causa</strong></span> <span class='ocrx_word' id='word_1_176' title='bbox 501 3051 724 3120; x_wconf 85' lang='lat' dir='ltr'><strong>congregantur,</strong></span> <span class='ocrx_word' id='word_1_177' title='bbox 739 3040 800 3114; x_wconf 88' lang='lat' dir='ltr'><strong>sed,</strong></span> <span class='ocrx_word' id='word_1_178' title='bbox 815 3058 884 3099; x_wconf 89' lang='lat' dir='ltr'><strong>cum</strong></span> <span class='ocrx_word' id='word_1_179' title='bbox 900 3057 971 3098; x_wconf 89' lang='lat' dir='ltr'><strong>con·</strong></span> 
     </span>
    </p>
   </div>
   <div class='ocr_carea' id='block_1_3' title="bbox 0 0 1090 3609">
    <p class='ocr_par' dir='ltr' id='par_1_4' title="bbox 0 0 1090 3609">
     <span class='ocr_line' id='line_1_29' title="bbox 0 0 1090 3609; baseline 0 0"><span class='ocrx_word' id='word_1_180' title='bbox 0 0 1090 3609; x_wconf 95' lang='lat' dir='ltr'><strong> </strong></span> 
     </span>
    </p>
   </div>
  </div>
 </body>
</html>
