2167 3609
158 335 195 413 12
493 364 537 411 nn
555 364 700 413 omens.
918 368 989 428 [nr

203 531 239 570 an
260 522 354 589 turpe,
375 513 517 587 dubitent,
538 515 579 588 id,
601 515 678 590 quod
700 515 731 572 in
754 512 992 572 deliberationem

203 610 296 669 cadit:
318 610 418 686 inquo
436 612 647 670 considerando
668 631 744 688 saepe
765 611 853 668 animi
874 611 903 667 in
924 627 992 667 oon·

102 724 108 736 ’
201 707 303 765 trarias
316 708 472 765 sententias
491 709 696 766 distrahuntur.
737 708 816 764 Tum
832 717 926 764 autem
941 713 991 764 ant

203 803 365 879 anquirunt,
381 814 430 862 ant
443 805 616 877 consultant,
630 805 740 862 advitae
754 803 989 862 commoditatem

168 900 474 977 5jucunditatenrque,
492 901 527 959 ed
549 901 699 958 facultates
719 919 815 958 rernm
837 908 921 973 atque
940 916 989 956 co·

199 996 272 1073 pias,
287 998 322 1055 ad
336 1017 413 1073 opes,
430 999 465 1056 ad
486 998 654 1074 potentiam,
669 997 773 1071 quibus
787 1007 816 1053 et
830 1015 860 1053 se
878 994 987 1071 possint

197 1093 306 1171 juvare,
321 1104 350 1151 et
371 1113 448 1165 suos,
468 1094 612 1152 conducat
633 1093 673 1165 id,
687 1111 791 1165 neone,
805 1093 842 1148 de
861 1109 919 1166 quo
939 1091 987 1148 de·

199 1189 339 1256 liberant:
372 1209 435 1266 quae
468 1190 636 1248 deliberatio
668 1190 761 1248 omnis
787 1189 817 1246 in
845 1187 986 1245 rationem

199 1285 330 1343 utilitatis
352 1286 438 1344 cadit.
479 1285 614 1343 Tertium
638 1286 788 1344 dubitandi
815 1304 906 1362 genus
931 1292 987 1356 est,

153 1390 183 1441 10
199 1400 265 1439 cunr
279 1401 408 1459 pugnare
421 1382 533 1439 videtur
549 1401 614 1440 curn
630 1383 751 1440 honesto
764 1382 804 1453 id,
819 1382 895 1457 quod
908 1380 988 1438 tide·

197 1487 243 1536 tur
257 1497 320 1536 esse
334 1477 413 1537 utile.
454 1478 529 1536 Cum
546 1479 624 1536 enim
644 1479 753 1536 utilitas
768 1478 804 1535 ad
824 1497 855 1536 se
873 1495 985 1554 rapere,

197 1574 331 1632 honestas
355 1585 455 1633 contra
474 1594 609 1633 revocare
631 1575 666 1633 ad
687 1594 718 1632 se
738 1575 868 1644 videtur;
889 1575 931 1647 fit,
952 1583 986 1632 ut

196 1670 368 1728 distrahatur
386 1671 573 1728 deliberando
594 1671 714 1743 animus,
731 1672 885 1746 afferatque
907 1671 985 1729 nnci-

195 1766 283 1842 pitem
298 1786 396 1824 curam
410 1768 566 1844 cogitandi.
905 1755 912 1789 ³
925 1777 984 1792 ²*

151 1866 181 1915 15
235 1862 302 1920 Hac
323 1864 472 1934 divisione,
495 1862 577 1942 (cum
598 1864 744 1940 praeterire
766 1862 872 1938 aliquid
894 1861 984 1921 maxi-

195 1977 273 2016 mum
293 1960 392 2016 vitium
414 1960 443 2017 in
465 1960 619 2018 dividendo
640 1961 690 2039 sit)
713 1961 770 2018 dno
792 1960 982 2036 pretermissa

127 2101 133 2106 .
195 2065 269 2113 sunt.
312 2055 378 2113 Nec
405 2056 483 2113 enlm
511 2056 612 2128 solum,
641 2067 736 2113 utrum
764 2057 915 2114 honesturn
944 2075 981 2115 an

194 2162 276 2230 turpe
290 2152 336 2224 sit,
352 2152 504 2210 deliberari
519 2153 601 2224 solet,
617 2153 778 2224 sedetiam,
794 2152 905 2211 dnobus
918 2171 983 2228 pro-

183 2241 294 2326 positis
313 2249 450 2321 honestis,
464 2260 560 2307 utrum
575 2250 722 2308 honestius
731 2270 738 2319 ;
761 2250 895 2324 itemque,
911 2250 980 2306 duo·

146 2355 178 2407 20
194 2346 248 2403 bus
267 2345 418 2421 propositis
433 2347 559 2417 utilibus,
571 2359 666 2404 utrum
681 2346 786 2402 utilius.
828 2346 882 2417 Ita,
893 2364 980 2420 quam

204 2441 241 2498 lle
262 2440 404 2516 triplicem
426 2442 536 2517 putavit
556 2461 618 2498 esse
639 2442 788 2512 rationem,
803 2442 833 2498 in
854 2442 981 2517 quinque

192 2546 287 2612 partes
300 2536 430 2593 distribui
442 2537 547 2594 debere
561 2537 707 2611 reperitur.
748 2536 877 2595 Primum
892 2538 980 2614 igitur

192 2641 236 2689 est
255 2632 291 2687 de
311 2631 439 2702 honesto,
454 2633 504 2690 sed
525 2631 687 2708 dupliciter,
701 2642 762 2688 tum
782 2633 844 2707 pari
867 2634 980 2691 ratione

191 2728 227 2783 de
251 2727 324 2799 utili,
340 2726 402 2803 post
422 2728 459 2784 de
479 2728 692 2803 comparatione
714 2746 821 2799 eorum,
836 2727 979 2787 disseren·

144 2833 175 2882 25
192 2824 267 2881 dum.
357 2851 362 2860 ·

229 3015 281 3074 IV.
302 3015 457 3091 Principio,
472 3015 572 3091 generi
594 3016 781 3074 animantium
801 3017 879 3076 omni
896 3027 940 3075 est
958 3036 976 3076 n

190 3113 292 3172 naturd
305 3111 452 3183 tributum,
467 3121 499 3169 ut
512 3130 554 3184 se,
568 3112 665 3187 vitam,
676 3133 837 3192 corpusque
849 3123 975 3188 tuentur,
