2167 3609
124 367 219 426 nm]
413 366 457 412 uu
479 366 623 414 osricus.
902 356 958 418 189

125 514 237 572 Facere
263 515 411 590 promissa,
434 524 510 572 stare
537 513 696 586 dumentis,
719 514 838 572 reddere
865 514 913 572 de·

123 612 229 687 posita,
250 612 426 669 commutati
446 612 578 682 utilitate,
599 611 671 668 liunt
697 629 756 668 non
783 611 910 669 honesta.

123 708 172 766 Ae
192 708 229 765 de
250 708 286 765 iis
306 708 431 783 quidem,
453 727 515 782 quae
537 708 666 765 videntur
687 726 750 764 essa
775 707 912 766 utilitates

121 816 228 862 eontra
257 804 398 880 justitiam
431 804 613 862 simulatione
645 804 815 880 prudentie,
842 805 911 862 satis

125 902 247 960 arbitror
261 902 381 958 dietum.
924 909 942 958 5

164 998 233 1069 Sed,
254 998 390 1074 quoniam
413 1016 430 1054 a
452 1008 573 1074 quatuor
601 997 728 1055 fontibus
754 997 911 1056 honestatis

118 1095 218 1171 primo
243 1094 319 1152 libro
345 1094 442 1153 officia
468 1094 611 1165 duximus,
633 1094 662 1152 in
689 1095 799 1154 eisdem
819 1114 912 1153 versa·

123 1192 229 1263 bimur,
250 1209 317 1249 oum
343 1191 522 1263 docebimus,
543 1210 587 1262 ea,
608 1210 671 1266 quae
691 1192 822 1249 videntur
849 1210 912 1249 esse

121 1287 217 1358 utilia,
237 1306 333 1362 neque
359 1296 435 1358 sunt,
456 1306 542 1361 quam
567 1288 624 1344 sint
643 1286 757 1345 virtutis
784 1288 910 1346 inimica

121 1383 173 1440 Ao
199 1383 235 1439 de
261 1383 415 1458 prudentii
449 1384 573 1457 quidem,
601 1402 686 1459 quarn
712 1384 773 1441 vult
806 1384 912 1443 imitari
927 1393 958 1444 to

117 1479 250 1551 ‘malitia3
285 1479 412 1554 itemque
440 1480 476 1536 de
499 1480 621 1555 justitia,
642 1499 704 1556 quae
731 1499 842 1556 semper
869 1490 912 1538 est

122 1575 214 1647 utilis,
228 1575 403 1650 disputatum
418 1584 470 1632 est.
512 1575 645 1651 Reliquae
659 1586 727 1635 sunt
740 1576 804 1636 dua
818 1587 912 1652 partes

123 1669 294 1742 honestatis,
315 1690 436 1746 quarum
464 1671 554 1728 altera
573 1671 603 1729 in
628 1672 717 1729 animi
744 1673 912 1732 exeellentis

122 1766 325 1843 magnitudine
348 1782 377 1825 et
399 1768 565 1843 prestantia
593 1769 737 1842 cernitur3
765 1770 855 1830 altera
881 1770 911 1828 in

123 1863 356 1922 conformatione
376 1873 412 1921 *et
438 1865 637 1924 moderatione
670 1867 856 1928 continentias
883 1877 912 1925 et
927 1879 959 1929 15

122 1960 329 2036 temperantiae.

164 2152 281 2211 XXVI.
308 2153 386 2211 Utile
413 2154 562 2212 videbatur
588 2154 694 2229 Ulyssi,
723 2154 768 2231 (ut
795 2155 911 2230 quidem

120 2253 219 2326 po'etae
242 2250 345 2326 tragici
368 2250 573 2326 prodiderunt3
599 2257 681 2320 nam,
707 2251 780 2325 apud
805 2251 914 2308 Home·

122 2365 200 2417 rum,
220 2346 359 2422 optimum
376 2355 545 2416 fauctorem,
566 2346 631 2404 talis
651 2346 688 2403 de
707 2346 808 2420 Ulysse
834 2346 915 2406 nulla

122 2442 253 2518 suspicio
265 2443 323 2522 eat)
336 2442 386 2500 sed
400 2441 567 2500 insimulant
580 2462 646 2499 eum
660 2443 816 2528 tragediae,
827 2444 913 2502 simu·
928 2450 960 2502 20

123 2539 234 2597 latione
257 2539 376 2616 insaniae
399 2539 532 2598 militiam
558 2540 755 2617 subterfugere
779 2540 912 2598 voluisse.

123 2634 196 2694 Non
220 2637 371 2694 honestum
397 2635 568 2693 consilium:
597 2646 626 2693 at
646 2637 715 2696 utile
737 2636 783 2713 (ut
811 2636 913 2711 aliquis

124 2730 247 2790 fortasse
261 2733 378 2812 dixerit)
394 2751 526 2808 regnare,
540 2743 569 2789 et
583 2733 692 2790 Itbaoaa
706 2733 801 2791 virere
821 2733 913 2794 otiose

124 2846 193 2886 cum
212 2828 390 2903 parentibus,
411 2847 479 2886 oum
501 2847 600 2899 uxore,
621 2847 688 2887 eum
710 2828 776 2887 filio.
816 2829 913 2888 Ullum

124 2934 158 2982 tu
184 2924 274 2982 denus
300 2924 331 2982 irr
357 2924 532 2999 quotidianis
559 2925 694 3000 perieulis
718 2921 747 2982 et
767 2925 913 2986 laboribus
928 2936 961 2988 2⁵

124 3039 194 3078 eum
205 3021 262 3080 bae
271 3021 477 3096 tranquillitate
488 3021 696 3079 eonferendum
707 3023 809 3097 putasl
849 3021 914 3100 qu

105 3135 195 3179 ,sero
214 3118 299 3196 istam
319 3117 562 3180 contemnendam
576 3127 606 3178 at
619 3117 826 3195 abjiciendam
845 3135 915 3194 quo·
