2167 3609
120 337 178 396 184
450 344 495 390 nn
517 343 663 391 omens,
857 342 957 403 [uin

166 492 234 568 fuga
252 510 337 563 uuus,
351 501 381 549 et
400 511 515 569 gravem
537 491 728 550 adversarium
748 490 871 566 imperii,
892 507 957 547 sna-

166 588 294 645 tulisset:
328 589 378 645 sed
412 608 548 665 magnum
582 590 709 646 dedecus
740 597 770 645 et
800 587 956 664 flagitium,

167 685 283 761 quicum
298 685 391 742 landis
405 697 551 742 certamen
566 686 675 757 suisset,
687 703 753 742 eum
766 703 825 741 non
836 684 953 755 virtute,

167 781 218 839 aed
232 782 350 853 scelere,
365 796 537 857 superatum.

137 888 154 935 5
206 877 308 935 Utrum
330 879 416 955 igitur
436 879 535 935 utilius
550 878 593 935 vel
614 878 760 949 Fabricio,
773 877 823 953 qui
842 876 908 934 talis
922 876 954 934 in

168 975 224 1032 hac
256 975 337 1046 urbe,
365 975 457 1049 qualis
485 974 628 1032 Aristides
660 974 783 1032 Athenis
817 973 880 1044 fuit,
909 972 954 1030 vel

169 1071 281 1130 senatui
301 1082 409 1143 nostro,
429 1072 476 1145 qui
497 1090 644 1145 nunquam
665 1070 817 1127 utilitatem
832 1068 957 1146 adigni·

168 1178 228 1226 tate
247 1168 380 1244 sejunxit,
396 1169 481 1225 armis
502 1187 569 1226 cum
589 1169 672 1224 hoste
685 1178 805 1238 certare,
821 1185 856 1224 an
869 1184 957 1224 vene-

169 1264 234 1322 uisl
288 1266 320 1321 Si
343 1265 441 1341 glorie
467 1264 555 1322 causat
582 1264 731 1339 imperium
759 1263 956 1339 expetendum

124 1374 155 1423 10
169 1369 222 1432 est,
236 1361 331 1418 scelus
352 1361 434 1432 absit,
449 1361 479 1417 in
496 1380 553 1436 quo
572 1380 630 1418 non
650 1371 744 1436 potest
764 1378 827 1417 esse
845 1359 958 1436 gloria:

170 1457 214 1515 sin
241 1457 308 1533 ipsa
335 1475 404 1533 opes
430 1466 600 1533 expetuntur
627 1476 743 1532 quoquo
772 1457 867 1527 modo,
896 1473 956 1514 non

169 1563 304 1629 poterunt
326 1554 412 1611 utiles
434 1572 498 1611 esse
519 1572 586 1610 cum
610 1553 737 1611 iufamia.
778 1552 847 1609 Non
868 1552 959 1629 igitur

170 1650 248 1707 utilis
268 1650 318 1706 illa
338 1650 371 1706 L.
387 1650 520 1725 Philippi,
541 1649 581 1711 Q.
596 1650 681 1721 filius,
703 1649 861 1707 sententia:
885 1667 958 1723 quas

171 1744 300 1801 civitates
320 1745 353 1801 L.
370 1745 460 1816 Sulla,
474 1746 599 1821 pecunia
622 1746 751 1821 accepti,
771 1764 807 1802 ex
827 1746 960 1803 senatus·

126 1859 157 1908 15
171 1840 300 1897 consulto
332 1840 518 1912 liberavisset,
547 1852 578 1898 ut
605 1841 649 1898 he
676 1860 774 1898 rursus
799 1841 960 1918 vectigales

170 1947 282 2005 essent3
303 1954 397 2011 neque
411 1936 456 1993 bis
469 1938 633 2012 pecuniam,
648 1956 733 2012 quam
752 1955 804 2013 pro
823 1937 962 1995 libertate

171 2032 318 2104 dederant,
332 2032 525 2090 redderemus.
568 2032 621 2090 Est
634 2033 662 2089 ei
676 2043 792 2090 senatus
806 2030 957 2090 assensus:

170 2138 253 2204 turpe
286 2128 421 2205 imperi03
456 2130 612 2205 piratarum
641 2129 719 2185 enim
746 2129 847 2186 melior
873 2129 959 2202 fides,

171 2244 255 2301 quam
270 2226 395 2283 senatuis.
436 2224 476 2281 At
490 2236 575 2282 aucta
585 2225 754 2301 vectigalia:
775 2225 845 2282 utile
859 2224 956 2302 igitur.

125 2347 157 2396 20
170 2322 333 2398 Quousque
348 2322 493 2379 audebunt
506 2321 604 2379 dicere
620 2321 773 2395 quidquam
788 2321 868 2388 utile,
881 2320 958 2396 quod

170 2437 228 2476 non
242 2418 412 2475 honestant
452 2416 549 2474 Potest
564 2427 657 2474 autem
672 2416 723 2474 ulli
738 2415 865 2492 imperio,
881 2415 958 2491 qnod

171 2512 264 2592 gloriis
285 2514 386 2571 fultum
406 2532 469 2569 esse
490 2512 585 2584 debet,
599 2522 627 2570 et
646 2512 846 2570 benevolentia
866 2512 961 2570 secio-

171 2629 245 2683 rem,
267 2610 337 2667 utile
357 2627 420 2666 esse
440 2608 538 2665 odium
559 2618 588 2666 et
609 2609 746 2667 infamial
785 2608 849 2685 Ego
869 2609 959 2667 etiam

172 2725 239 2764 cum
263 2708 374 2764 Catone
399 2723 464 2761 meo
488 2724 563 2781 saepe
586 2705 717 2763 dissensi.
765 2704 862 2762 Nimis
886 2705 958 2762 milii

126 2833 158 2881 25
172 2802 320 2877 praefracte
343 2801 493 2858 videbatur
519 2801 650 2859 aerarium
673 2800 883 2878 vectigaliaque
911 2801 962 2859 de·

173 2895 299 2966 sendere,
312 2897 409 2953 omnia
427 2897 590 2971 publicanis
610 2915 726 2973 negare,
741 2897 831 2955 multa
852 2898 957 2969 sociis;

171 3006 240 3047 cum
259 2986 289 3043 in
310 2990 363 3045 hos
383 2991 505 3048 benefici
526 3010 590 3050 esse
610 2993 795 3062 deberemus3
820 2994 961 3052 cumillis

166 3083 216 3141 <sic
230 3099 325 3159 agere,
335 3093 368 3140 ut
380 3103 447 3142 cum
459 3086 571 3145 colonis
584 3086 689 3145 nostris
702 3086 843 3160 solemus3
865 3106 962 3166 eoque
