2167 3609
106 375 189 435 nn]
398 378 441 428 nn
462 378 608 427 oremus.
886 366 942 425 137

104 526 254 601 publicam
274 527 413 601 eontinet,
434 548 520 604 quam
540 528 612 587 fides
619 548 627 599 ;
651 547 715 603 que
734 546 797 587 esse
817 527 897 586 nullu

105 632 212 698 potest,
226 624 285 681 nisi
299 625 354 682 erit
372 627 535 683 necessaria
548 625 652 684 solutio
666 644 762 683 rerum
776 625 896 683 creditn-

105 738 179 778 rum.
221 720 381 797 Nunquam
400 722 597 780 vehementius
619 732 715 780 aetum
736 732 789 794 est,
810 741 896 798 quum

9 808 10 816 ’
106 835 153 873 me
168 817 312 889 ⁴termule,
333 837 370 875 ne
395 817 560 877 solveretur.
614 819 713 876 Armis
738 827 768 875 et
794 819 896 877 eastris

105 922 218 970 tentata
243 932 290 970 res
316 924 359 971 est
387 915 422 972 ab
447 915 527 972 omni
554 933 661 991 genere
692 914 839 972 hominum
866 915 925 973 etfi

106 1008 226 1078 ordine;
248 1010 352 1083 quibus
365 1010 408 1068 sie
421 1010 523 1083 restiti,
537 1022 569 1068 ut
583 1011 640 1068 hoe
660 1020 771 1068 tantum
789 1010 896 1067 mulum

106 1103 144 1160 de
167 1106 318 1180 republicis
342 1108 497 1164 tolleretur.
549 1106 707 1182 Nunquam
728 1125 782 1164 nee
804 1106 895 1182 majus

107 1220 146 1258 res
168 1201 294 1258 alienum
315 1202 378 1274 firit,
397 1221 453 1260 neo
473 1203 576 1261 melius
595 1222 652 1261 nee
672 1203 786 1261 facilius
806 1203 895 1260 disso-

106 1297 200 1355 lutum
215 1308 266 1356 est.
307 1299 472 1357 Fraudaudi
493 1301 571 1357 enim
585 1320 635 1376 spe
649 1300 770 1371 sublati,
785 1299 894 1357 solven-

105 1394 136 1451 di
157 1396 317 1453 necessitas
336 1407 495 1455 consecuta
513 1407 565 1454 est.
606 1398 648 1455 At
660 1415 728 1454 vero
742 1396 800 1468 hie,
814 1414 894 1455 nune
908 1399 939 1448 1⁰

106 1491 209 1563 vietor,
231 1502 293 1549 tum
319 1492 434 1566 quidem
461 1493 564 1563 vietus,
591 1512 654 1568 quae
681 1492 831 1569 eogilirut,
859 1512 894 1551 eu

105 1587 239 1662 persenit,
254 1607 321 1645 eum
342 1588 404 1664 ejus
421 1588 481 1664 jam
502 1589 574 1646 nihil
596 1589 754 1646 interesset.
796 1588 894 1646 Tanta

106 1684 196 1742 ineo
219 1685 361 1759 peccandi
384 1685 474 1742 libido
497 1684 560 1756 fuit,
583 1696 615 1744 ut
635 1685 691 1742 hoe
713 1685 806 1761 ipsum
827 1703 894 1743 eum

105 1780 274 1852 delectaret,
288 1800 421 1857 peceare,
436 1782 522 1839 etiam
536 1782 560 1838 si
575 1800 663 1840 eausa
674 1801 733 1840 non
747 1791 830 1841 esset.

145 1877 195 1933 Ab
206 1877 263 1933 hoe
278 1877 365 1953 igitur
378 1896 485 1954 genere
497 1878 668 1955 largitionis,
680 1888 711 1936 ut
723 1879 786 1936 aliis
799 1878 892 1949 detur,
908 1878 940 1928 15

105 1973 171 2030 uliis
187 1973 341 2043 auferatur,
356 1975 477 2031 aberunt
493 1974 523 2046 ii,
538 1974 587 2049 qui
606 1974 813 2048 rempublicam
833 1984 894 2031 tue-

105 2070 232 2126 buntur:
253 2070 283 2126 in
296 2071 451 2147 primisque
464 2090 579 2146 opernm
597 2070 716 2141 dabunt,
731 2080 763 2127 ut
779 2070 852 2146 juris
865 2080 894 2128 et

102 2166 280 2242 judiciorum
307 2167 440 2241 equitate
466 2185 550 2224 suum
572 2166 692 2240 quisque
718 2176 831 2235 teneat3
865 2160 894 2223 et

105 2281 202 2337 neque
228 2264 372 2321 tenuiores
403 2272 516 2339 propter
550 2261 739 2319 humilitatem
773 2261 895 2320 eircum-

107 2357 270 2428 veniantur,
280 2377 373 2433 neque
387 2356 589 2433 locupletibus,
602 2356 637 2413 ad
650 2357 755 2414 sunuel
770 2356 895 2414 tenenda
908 2358 940 2407 2⁰

105 2453 151 2510 vel
166 2453 373 2529 recuperanda,
387 2453 462 2511 obsit
477 2453 600 2510 invidia:
621 2463 767 2528 preterea,
781 2452 895 2527 quibus·

106 2568 233 2624 eumque
253 2551 339 2607 rebus
352 2551 396 2607 vel
417 2549 485 2606 belli
499 2550 542 2606 vel
561 2550 638 2607 domi
657 2560 801 2625 poterunt,
822 2568 895 2606 rem·

105 2646 255 2721 publicam
282 2656 407 2723 augeant
434 2646 564 2721 imperio,
590 2646 675 2722 agris,
697 2646 893 2723 vectigalibus.

106 2741 183 2799 Haee
204 2761 373 2819 magnorum
393 2743 542 2800 hominum
562 2753 644 2812 sunt3
665 2743 728 2800 haec
749 2742 823 2817 apud
837 2761 895 2800 mu·

103 2838 185 2914 j0res
204 2849 318 2895 nostros
340 2838 484 2909 factitata;
512 2839 575 2896 haee
602 2856 710 2915 genera
734 2837 894 2900 officiorum
908 2848 940 2897 25

106 2933 157 3009 qui
177 2944 396 3010 persequuntur,
418 2954 484 2993 eum
504 2934 617 2992 summi
638 2934 760 2993 utilitate
783 2934 896 3010 reipub-

106 3028 173 3086 lieoe
200 3048 334 3108 magnam
361 3030 416 3107 ipsi
444 3030 638 3107 adipiscentur
665 3039 694 3088 et
720 3030 840 3108 gratiam
867 3040 896 3087 et

104 3125 239 3204 glorium

347 3220 411 3279 12*
