2167 3609
11 417 12 422 ,
88 383 157 443 ni]
378 378 423 427 ns
440 376 587 427 omens.
882 370 921 432 21

11 537 14 602 '‚
87 499 230 603 rendiqui
241 525 340 599 officii,
353 525 451 601 pluies
463 527 635 586 solentesse
648 545 752 588 cause.
786 527 876 605 Nam,

68 637 134 692 ,aut
142 624 322 695 inimicitias,
335 634 383 681 aut
391 624 527 696 laborem,
536 626 877 705 autsumptussuscipere

12 785 20 797 N
84 721 203 791 nolunt;
227 730 276 780 aut
296 720 383 778 etiam
403 719 591 798 negligentiis,
611 722 738 799 pigritia,
758 723 874 796 mouit,

11 795 23 866 ἐν
64 830 134 876 ‚aut
156 818 217 876 suis
238 816 342 874 studiis
360 817 532 892 quibusdam
545 819 819 894 occupationibusve
831 821 876 879 sic

84 913 291 990 impediuntur,
307 922 340 972 ut
352 932 411 985 eos,
421 932 494 989 quos
503 914 591 972 tutari
602 914 735 987 debeant,
747 916 875 975 desertos
888 923 906 974 5

26 1031 28 1035 ’
83 1011 315 1085 esscpatiantur.
355 1009 457 1086 Itaque
470 1010 627 1069 videndum
640 1022 744 1084 estne
757 1030 817 1070 nou
831 1031 876 1071 sa·

73 1102 175 1164 -tis'sit
188 1107 227 1179 id,
238 1108 315 1182 quod
330 1107 405 1184 apud
418 1107 571 1166 Platonem
585 1117 630 1166 cst
644 1108 675 1165 in
687 1107 876 1185 philosophos

86 1204 213 1263 dictum:
243 1204 321 1279 quod
341 1204 372 1262 in
393 1204 453 1262 veri
475 1204 696 1283 investigatione
716 1214 874 1277 versentur,

83 1301 217 1377 quodque
238 1310 282 1373 ec,
297 1320 360 1377 quie
380 1301 509 1377 plerique
521 1302 706 1361 vehementer
725 1311 873 1379 expetunt,

11 1387 12 1408 ;
82 1399 119 1456 de
138 1398 244 1473 quibus
258 1399 333 1458 inter
347 1417 377 1456 se
392 1398 544 1475 digladiari
559 1399 661 1472 solent,
677 1408 874 1471 contemnant,
888 1404 920 1455 10

81 1505 111 1553 ct
124 1512 179 1571 pro
194 1494 285 1552 nihilo
299 1495 416 1566 ducant,
427 1505 580 1571 propterea
590 1496 683 1572 justos
696 1514 768 1554 esse.
795 1495 826 1553 N
828 1514 875 1553 am

54 1649 58 1656 ,
84 1591 205 1649 alterum
216 1590 335 1665 justitie
349 1609 442 1667 genus
456 1602 657 1666 assequuntur,
672 1592 823 1651 inferendi
836 1609 875 1649 ne

83 1687 132 1744 cui
148 1695 275 1746 noceant
293 1686 414 1762 injurii:
436 1686 467 1744 in
486 1688 606 1746 alterum
625 1687 766 1747 incidunt
807 1686 874 1745 Dis·

11 1853 12 1856 ¹
36 1809 38 1812 ·
83 1782 171 1840 cendi
192 1781 269 1838 enim
291 1782 386 1839 studio
407 1783 548 1859 impediti,
569 1802 641 1859 quos
660 1784 735 1842 tueri
755 1783 873 1855 debent,

11 1891 12 1894 ’
82 1880 229 1937 deserunt.
270 1877 372 1954 Itaque
386 1898 436 1938 eos
452 1880 488 1938 ad
505 1880 712 1955 rempublicam
725 1898 763 1939 ne
778 1889 920 1940 acces-15

11 1997 13 2052 t
82 1994 165 2034 suros
178 1974 296 2051 quidem
308 1985 420 2051 putant,
431 1976 488 2035 nisi
502 1987 638 2035 coactos:
658 1976 767 2054 aequius
778 1986 874 2034 autem

11 2057 12 2060 Ἰ
84 2083 145 2132 erat
159 2073 188 2129 id
200 2072 347 2132 voluntate
357 2059 439 2132 lieri:
460 2093 527 2133 nam
538 2076 596 2132 hoc
606 2074 700 2149 ipsum
714 2072 755 2131 ita
765 2072 874 2149 justum

11 2201 12 2246 j
83 2179 137 2241 est,
151 2171 229 2244 quod
243 2180 322 2230 rcctc
335 2171 376 2243 fit,
392 2170 417 2227 si
430 2181 474 2228 est
487 2170 688 2229 voluntarium.

11 2261 12 2268 '
123 2267 200 2325 Sunt
214 2268 313 2338 etiam,
328 2267 387 2341 qui,
404 2276 453 2325 aut
466 2266 563 2323 studio
576 2265 618 2322 rei
633 2262 782 2321 familiaris
794 2271 876 2320 tuen·

11 2355 12 2374 ³
84 2363 138 2435 dae,
148 2374 197 2420 ant
209 2365 277 2421 odio
289 2364 411 2439 quodam
421 2362 581 2432 hominum,
591 2377 674 2417 suum
685 2377 718 2416 se
727 2357 875 2437 negotium
888 2372 921 2423 ω

85 2478 170 2537 cgere
185 2460 295 2532 dicant,
308 2478 346 2518 ne
367 2461 463 2518 facere
484 2457 619 2533 cuiquam
632 2456 782 2515 videantur
802 2455 877 2533 inju-

84 2557 173 2627 riam3
198 2557 248 2631 qui
273 2556 363 2614 altero
390 2554 538 2632 injustitie
565 2572 672 2631 genem
692 2562 814 2624 vacant3
845 2552 876 2613 in

11 2727 12 2732 η
86 2653 207 2711 alterum
221 2653 380 2710 incurrunt
421 2651 568 2710 Deserunt
585 2651 663 2708 enim
676 2649 741 2708 vitas
755 2649 877 2708 societa-

11 2737 13 2742 ’
85 2757 153 2820 tem,
169 2749 238 2824 quia
251 2748 324 2806 nihil
335 2749 489 2806 conserunt
498 2746 529 2805 in
539 2764 604 2805 eam
614 2745 714 2818 studii,
722 2744 795 2804 nihil
809 2762 876 2822 ope·

86 2865 134 2917 re,
148 2845 222 2903 nihil
237 2845 416 2903 facultatum.
668 2849 669 2852 ’
889 2848 922 2898 m

122 2941 274 3004 Quoniam
302 2940 400 3017 igitur,
422 2937 534 2998 duobus
555 2937 710 3015 generibus
729 2935 877 3013 injustitie

11 3069 12 3094 t
85 3039 250 3116 propositis,
267 3036 449 3113 adjunximus
470 3053 573 3093 causas
591 3033 739 3108 utriusque
752 3030 876 3110 generis,

86 3154 195 3215 casque
206 3152 254 3195 res
268 3142 337 3194 autc
347 3131 560 3203 constituimus,
571 3129 676 3205 quibus
686 3128 798 3207 justitia
810 3142 878 3185 cou-
