2167 3609
490 377 533 423 ns
554 376 698 425 cuncus.
905 384 947 441 [u.
960 381 980 428 1.

194 528 411 600 urbibus,valde
422 528 663 587 considerandum
671 539 723 602 est,
733 549 771 588 ne
783 530 852 606 quid
862 541 983 606 temere,

193 644 230 681 ne
252 627 320 701 quid
341 627 503 692 crudeliter.
546 626 636 702 quue
651 637 694 684 est
708 628 760 684 viri
774 629 881 705 magni,
896 630 984 686 rebus

194 723 317 799 agitatis,
331 724 433 799 punire
447 733 554 795 sonteS,
570 724 783 781 multitudinem
800 744 982 799 conservare,

194 819 222 875 in
244 820 323 877 omni
344 821 459 878 fortunia
487 832 568 877 recta
596 831 679 896 atque
706 821 828 878 honesta
847 823 982 880 retinere.

161 916 231 974 5Ut
253 918 329 974 enim
352 927 428 989 sunt,
453 916 707 995 (quemadmodum
729 938 814 993 supra
836 918 909 999 dixi)
933 921 983 996 qui

192 1014 311 1071 urbanis
331 1016 417 1071 rebus
438 1014 558 1072 bellicas
579 1024 770 1090 anteponant3
793 1016 836 1072 sie
856 1018 984 1091 reperies

193 1111 308 1182 multos,
317 1112 426 1194 'quibus
439 1111 603 1188 periculosa
613 1122 641 1168 et
653 1112 747 1169 calida
761 1113 891 1185 consilia,
904 1114 983 1188 quie-

193 1208 229 1264 tis
240 1217 269 1264 et
280 1209 414 1285 cogitatis
423 1218 452 1265 et
461 1208 656 1283 splendidiora
666 1218 695 1264 et
703 1208 812 1284 majora
821 1209 982 1267 videantur.

232 1303 388 1379 Nunquam
410 1305 538 1375 omnine,
559 1305 681 1379 periculi
703 1305 781 1382 suga,
803 1307 984 1364 committen-

147 1411 177 1458 10
194 1400 261 1455 dum
283 1413 335 1471 est,
356 1410 386 1457 ut
415 1400 545 1457 imbelles
565 1401 715 1477 timidique
736 1402 901 1459 videamur:
931 1404 983 1460 sed

194 1496 362 1573 fugiendum
376 1497 462 1554 etiam
477 1497 558 1569 illud,
574 1517 611 1555 ne
632 1499 785 1555 offeramus
803 1518 857 1555 nos
869 1500 984 1573 pericu·

193 1593 310 1650 lissiae
332 1594 437 1651 causti:
467 1613 523 1669 quo
552 1594 624 1652 nihil
652 1605 747 1670 potest
774 1615 837 1651 esse
858 1596 981 1655 stultius.

193 1688 391 1765 Quapropter,
420 1691 450 1747 in
475 1692 615 1748 adeundis
638 1692 773 1767 periculis
803 1693 983 1749 consuetudo

194 1788 333 1844 imitanda
353 1788 532 1844 medicorum
553 1798 606 1859 est,
621 1788 669 1863 qui
689 1788 790 1845 leviter
811 1799 984 1864 aegrotantes

148 1896 178 1944 15
192 1884 295 1940 leniter
310 1894 422 1955 curant,
437 1885 616 1961 gravioribus
639 1896 732 1941 autem
748 1886 855 1942 morbis
869 1887 984 1961 pericu-

193 1982 268 2037 losas
283 1981 447 2037 curationes
467 1990 496 2037 et
517 1982 658 2056 ancipites
679 1982 814 2038 adhibere
829 1993 982 2058 coguntur.

192 2076 524 2152 Quare,intranqui110
545 2087 744 2152 tempestatem
766 2078 913 2134 adversam
934 2098 984 2154 op·

193 2181 264 2243 tare,
285 2172 426 2228 dementis
447 2182 489 2229 est
501 2192 508 2242 3
530 2172 683 2228 subvenire
704 2183 798 2228 autem
820 2174 985 2249 tempestati

194 2269 293 2343 quavis
314 2269 435 2340 ratione,
457 2269 608 2344 sapientis3
631 2288 722 2343 eoque
744 2270 845 2346 magis,
872 2270 896 2326 si
918 2271 984 2345 plus

148 2381 179 2430 ρο
195 2365 364 2441 adipiscare,
379 2384 409 2421 re
430 2365 583 2439 explicati,
599 2365 677 2436 boni,
693 2384 788 2439 quam,
804 2366 984 2439 addubitata,

194 2461 270 2517 mali.
312 2460 484 2520 Periculosae
506 2470 600 2517 autem
622 2480 716 2517 rerum
737 2461 866 2518 actiones
879 2462 987 2537 partim

196 2557 231 2613 iis
259 2565 325 2613 sunt
353 2556 402 2631 qui
423 2576 471 2613 eas
492 2557 663 2632 suscipiunt,
683 2558 786 2632 partim
808 2559 986 2634 reipublicae.

196 2651 325 2726 Itemque
340 2652 388 2708 alii
402 2652 438 2708 de
449 2652 517 2724 vitai,
528 2653 577 2710 alii
587 2654 623 2709 de
635 2653 736 2730 gloria,
746 2664 774 2711 et
787 2655 988 2712 benevolentia

196 2749 312 2821 civium,
325 2750 354 2806 in
369 2749 523 2806 discrimen
535 2761 683 2808 vocantur.
725 2751 919 2826 Promptiores
934 2751 989 2828 igi·

149 2861 181 2911 25
196 2855 241 2903 tur
266 2847 403 2904 debemus
425 2865 488 2903 esse
511 2848 546 2904 ad
568 2859 667 2904 nostra
685 2847 824 2922 pericula,
842 2867 926 2922 quam
950 2849 988 2904 ad

197 2944 371 3015 communia,
394 2944 588 3020 dimicareque
616 2944 743 3019 paratius
766 2944 802 3000 de
825 2944 937 3001 honore
959 2955 990 3003 et

197 3038 298 3115 gloria,
314 3058 399 3113 quarn
414 3040 449 3095 de
463 3040 575 3096 caeteris
589 3040 756 3097 commodis.

236 3134 350 3193 Inventi
366 3144 460 3192 autem
476 3135 557 3195 multi
572 3145 648 3208 sunt,
663 3136 711 3213 qui
726 3155 785 3196 non
800 3137 885 3196 modo
898 3156 990 3215 pecu·
