<?xml version="1.0" encoding="UTF-8"?>
<!DOCTYPE html PUBLIC "-//W3C//DTD XHTML 1.0 Transitional//EN"
    "http://www.w3.org/TR/xhtml1/DTD/xhtml1-transitional.dtd">
<html xmlns="http://www.w3.org/1999/xhtml" xml:lang="en" lang="en">
 <head>
  <title>
</title>
<meta http-equiv="Content-Type" content="text/html;charset=utf-8" />
  <meta name='ocr-system' content='tesseract 3.04.00' />
  <meta name='ocr-capabilities' content='ocr_page ocr_carea ocr_par ocr_line ocrx_word'/>
</head>
<body>
  <div class='ocr_page' id='page_1' title='image "./mtciceronisdeof01dillgoog/mtciceronisdeof01dillgoog_0133.png"; bbox 0 0 2167 3609; ppageno 0'>
   <div class='ocr_carea' id='block_1_1' title="bbox 108 339 960 410">
    <p class='ocr_par' dir='ltr' id='par_1_1' title="bbox 108 339 960 410">
     <span class='ocr_line' id='line_1_1' title="bbox 108 339 960 410; baseline 0.005 -14"><span class='ocrx_word' id='word_1_1' title='bbox 108 347 147 397; x_wconf 76' lang='lat' dir='ltr'>&#39;n</span> <span class='ocrx_word' id='word_1_2' title='bbox 158 349 202 410; x_wconf 84' lang='lat' dir='ltr'>n]</span> <span class='ocrx_word' id='word_1_3' title='bbox 412 348 455 396; x_wconf 82' lang='lat' dir='ltr'>nu</span> <span class='ocrx_word' id='word_1_4' title='bbox 477 349 623 398; x_wconf 78' lang='lat' dir='ltr'>osmcus</span> <span class='ocrx_word' id='word_1_5' title='bbox 903 339 960 402; x_wconf 74' lang='lat'>127</span> 
     </span>
    </p>
   </div>
   <div class='ocr_carea' id='block_1_2' title="bbox 63 498 980 3189">
    <p class='ocr_par' dir='ltr' id='par_1_2' title="bbox 103 498 946 1255">
     <span class='ocr_line' id='line_1_2' title="bbox 118 498 914 575; baseline -0.001 -16"><span class='ocrx_word' id='word_1_6' title='bbox 118 498 287 575; x_wconf 64' lang='lat' dir='ltr'>eloquentis</span> <span class='ocrx_word' id='word_1_7' title='bbox 306 501 507 575; x_wconf 81' lang='lat' dir='ltr'>praestabilius‚</span> <span class='ocrx_word' id='word_1_8' title='bbox 521 502 566 559; x_wconf 89' lang='lat' dir='ltr'>vel</span> <span class='ocrx_word' id='word_1_9' title='bbox 587 501 776 561; x_wconf 77' lang='lat' dir='ltr'>admiratione</span> <span class='ocrx_word' id='word_1_10' title='bbox 797 500 914 560; x_wconf 79' lang='lat' dir='ltr'>audien·</span> 
     </span>
     <span class='ocr_line' id='line_1_3' title="bbox 119 595 914 674; baseline 0.001 -21"><span class='ocrx_word' id='word_1_11' title='bbox 119 595 203 667; x_wconf 85' lang='lat' dir='ltr'>tium,</span> <span class='ocrx_word' id='word_1_12' title='bbox 215 596 260 653; x_wconf 86' lang='lat' dir='ltr'>vel</span> <span class='ocrx_word' id='word_1_13' title='bbox 275 615 326 672; x_wconf 87' lang='lat' dir='ltr'>spe</span> <span class='ocrx_word' id='word_1_14' title='bbox 341 596 544 674; x_wconf 85' lang='lat' dir='ltr'>indigentium,</span> <span class='ocrx_word' id='word_1_15' title='bbox 556 599 600 655; x_wconf 82' lang='lat' dir='ltr'>vel</span> <span class='ocrx_word' id='word_1_16' title='bbox 615 617 725 673; x_wconf 81' lang='lat' dir='ltr'>eorum,</span> <span class='ocrx_word' id='word_1_17' title='bbox 739 597 788 674; x_wconf 92' lang='lat' dir='ltr'>qui</span> <span class='ocrx_word' id='word_1_18' title='bbox 802 596 914 655; x_wconf 83' lang='lat' dir='ltr'>defensi</span> 
     </span>
     <span class='ocr_line' id='line_1_4' title="bbox 118 693 914 772; baseline 0.006 -23"><span class='ocrx_word' id='word_1_19' title='bbox 118 702 197 764; x_wconf 87' lang='lat' dir='ltr'>sunt,</span> <span class='ocrx_word' id='word_1_20' title='bbox 226 693 341 771; x_wconf 75' lang='lat' dir='ltr'>grotitii</span> <span class='ocrx_word' id='word_1_21' title='bbox 383 693 462 751; x_wconf 84' lang='lat' dir='ltr'>Huic</span> <span class='ocrx_word' id='word_1_22' title='bbox 489 714 603 771; x_wconf 87' lang='lat' dir='ltr'>quoque</span> <span class='ocrx_word' id='word_1_23' title='bbox 630 714 699 772; x_wconf 85' lang='lat' dir='ltr'>ergo</span> <span class='ocrx_word' id='word_1_24' title='bbox 721 714 738 753; x_wconf 85' lang='lat' dir='ltr'>n</span> <span class='ocrx_word' id='word_1_25' title='bbox 757 694 914 771; x_wconf 82' lang='lat' dir='ltr'>majoribus</span> 
     </span>
     <span class='ocr_line' id='line_1_5' title="bbox 119 790 913 869; baseline 0 -21"><span class='ocrx_word' id='word_1_26' title='bbox 119 790 226 848; x_wconf 88' lang='lat' dir='ltr'>nostris</span> <span class='ocrx_word' id='word_1_27' title='bbox 240 801 294 862; x_wconf 86' lang='lat' dir='ltr'>est,</span> <span class='ocrx_word' id='word_1_28' title='bbox 311 790 341 847; x_wconf 90' lang='lat' dir='ltr'>in</span> <span class='ocrx_word' id='word_1_29' title='bbox 359 791 438 868; x_wconf 70' lang='lat' dir='ltr'>togis,</span> <span class='ocrx_word' id='word_1_30' title='bbox 453 792 603 869; x_wconf 84' lang='lat' dir='ltr'>dignitatis</span> <span class='ocrx_word' id='word_1_31' title='bbox 622 792 801 868; x_wconf 82' lang='lat' dir='ltr'><strong>principatus</strong></span> <span class='ocrx_word' id='word_1_32' title='bbox 820 792 913 850; x_wconf 84' lang='lat' dir='ltr'>datus.</span> 
     </span>
     <span class='ocr_line' id='line_1_6' title="bbox 120 886 946 964; baseline 0 -21"><span class='ocrx_word' id='word_1_33' title='bbox 120 886 232 944; x_wconf 83' lang='lat' dir='ltr'><strong>Diserti</strong></span> <span class='ocrx_word' id='word_1_34' title='bbox 253 886 341 964; x_wconf 86' lang='lat' dir='ltr'>igitur</span> <span class='ocrx_word' id='word_1_35' title='bbox 356 887 489 958; x_wconf 88' lang='lat' dir='ltr'>hominis,</span> <span class='ocrx_word' id='word_1_36' title='bbox 505 898 534 945; x_wconf 84' lang='lat' dir='ltr'>ot</span> <span class='ocrx_word' id='word_1_37' title='bbox 548 888 632 946; x_wconf 82' lang='lat' dir='ltr'>facile</span> <span class='ocrx_word' id='word_1_38' title='bbox 646 887 812 959; x_wconf 77' lang='lat' dir='ltr'>laborantis,</span> <span class='ocrx_word' id='word_1_39' title='bbox 827 887 946 963; x_wconf 85' lang='lat' dir='ltr'>quod-5</span> 
     </span>
     <span class='ocr_line' id='line_1_7' title="bbox 104 983 915 1061; baseline 0.002 -21"><span class='ocrx_word' id='word_1_40' title='bbox 104 1003 175 1060; x_wconf 90' lang='lat' dir='ltr'>·que</span> <span class='ocrx_word' id='word_1_41' title='bbox 191 984 221 1040; x_wconf 93' lang='lat' dir='ltr'>iu</span> <span class='ocrx_word' id='word_1_42' title='bbox 241 983 343 1061; x_wconf 88' lang='lat' dir='ltr'>patriis</span> <span class='ocrx_word' id='word_1_43' title='bbox 363 995 407 1041; x_wconf 88' lang='lat' dir='ltr'>est</span> <span class='ocrx_word' id='word_1_44' title='bbox 426 985 566 1058; x_wconf 87' lang='lat' dir='ltr'>moribus,</span> <span class='ocrx_word' id='word_1_45' title='bbox 583 985 739 1043; x_wconf 89' lang='lat' dir='ltr'>multorum</span> <span class='ocrx_word' id='word_1_46' title='bbox 760 1003 872 1056; x_wconf 69' lang='lat' dir='ltr'>causes,</span> <span class='ocrx_word' id='word_1_47' title='bbox 886 995 915 1042; x_wconf 88' lang='lat' dir='ltr'>et</span> 
     </span>
     <span class='ocr_line' id='line_1_8' title="bbox 118 1081 916 1158; baseline 0.003 -21"><span class='ocrx_word' id='word_1_48' title='bbox 118 1099 180 1138; x_wconf 91' lang='lat' dir='ltr'>non</span> <span class='ocrx_word' id='word_1_49' title='bbox 194 1091 322 1157; x_wconf 72' lang='lat' dir='ltr'>gravme,</span> <span class='ocrx_word' id='word_1_50' title='bbox 337 1091 366 1138; x_wconf 84' lang='lat' dir='ltr'>et</span> <span class='ocrx_word' id='word_1_51' title='bbox 379 1082 505 1158; x_wconf 81' lang='lat' dir='ltr'>gratuito</span> <span class='ocrx_word' id='word_1_52' title='bbox 523 1081 716 1155; x_wconf 81' lang='lat' dir='ltr'>defendentis,</span> <span class='ocrx_word' id='word_1_53' title='bbox 732 1081 873 1140; x_wconf 81' lang='lat' dir='ltr'>beneficia</span> <span class='ocrx_word' id='word_1_54' title='bbox 886 1091 916 1139; x_wconf 86' lang='lat' dir='ltr'>et</span> 
     </span>
     <span class='ocr_line' id='line_1_9' title="bbox 103 1177 477 1255; baseline 0 -20"><span class='ocrx_word' id='word_1_55' title='bbox 103 1178 285 1255; x_wconf 82' lang='lat' dir='ltr'>jpatrooinin</span> <span class='ocrx_word' id='word_1_56' title='bbox 298 1177 356 1236; x_wconf 83' lang='lat' dir='ltr'>late</span> <span class='ocrx_word' id='word_1_57' title='bbox 369 1188 477 1255; x_wconf 88' lang='lat' dir='ltr'>patent.</span> 
     </span>
    </p>

    <p class='ocr_par' dir='ltr' id='par_1_3' title="bbox 87 1275 962 2320">
     <span class='ocr_line' id='line_1_10' title="bbox 160 1275 916 1351; baseline 0 -18"><span class='ocrx_word' id='word_1_58' title='bbox 160 1275 348 1333; x_wconf 86' lang='lat' dir='ltr'><strong>Admonebat</strong></span> <span class='ocrx_word' id='word_1_59' title='bbox 366 1293 413 1333; x_wconf 92' lang='lat' dir='ltr'>me</span> <span class='ocrx_word' id='word_1_60' title='bbox 433 1293 490 1347; x_wconf 86' lang='lat' dir='ltr'>res,</span> <span class='ocrx_word' id='word_1_61' title='bbox 503 1285 536 1333; x_wconf 86' lang='lat' dir='ltr'>ut</span> <span class='ocrx_word' id='word_1_62' title='bbox 549 1276 607 1333; x_wconf 86' lang='lat' dir='ltr'>hoo</span> <span class='ocrx_word' id='word_1_63' title='bbox 620 1294 735 1351; x_wconf 88' lang='lat' dir='ltr'>quoquo</span> <span class='ocrx_word' id='word_1_64' title='bbox 749 1275 816 1333; x_wconf 82' lang='lat' dir='ltr'>loco</span> <span class='ocrx_word' id='word_1_65' title='bbox 830 1275 916 1334; x_wconf 85' lang='lat' dir='ltr'>inter·</span> 
     </span>
     <span class='ocr_line' id='line_1_11' title="bbox 105 1372 962 1447; baseline -0.001 -18"><span class='ocrx_word' id='word_1_66' title='bbox 105 1372 287 1430; x_wconf 62' lang='lat' dir='ltr'>‘missionem</span> <span class='ocrx_word' id='word_1_67' title='bbox 309 1372 492 1447; x_wconf 85' lang='lat' dir='ltr'>eloquentiae,</span> <span class='ocrx_word' id='word_1_68' title='bbox 513 1391 551 1429; x_wconf 90' lang='lat' dir='ltr'>ne</span> <span class='ocrx_word' id='word_1_69' title='bbox 572 1372 668 1430; x_wconf 83' lang='lat' dir='ltr'>diuam</span> <span class='ocrx_word' id='word_1_70' title='bbox 689 1373 846 1445; x_wconf 86' lang='lat' dir='ltr'>interitum,</span> <span class='ocrx_word' id='word_1_71' title='bbox 866 1372 962 1430; x_wconf 65' lang='lat' dir='ltr'>dtr-1⁰</span> 
     </span>
     <span class='ocr_line' id='line_1_12' title="bbox 105 1469 915 1546; baseline 0.001 -21"><span class='ocrx_word' id='word_1_72' title='bbox 105 1469 280 1545; x_wconf 57' lang='lat' dir='ltr'>¹·plorarem3</span> <span class='ocrx_word' id='word_1_73' title='bbox 315 1469 346 1526; x_wconf 88' lang='lat' dir='ltr'>ni</span> <span class='ocrx_word' id='word_1_74' title='bbox 373 1489 496 1542; x_wconf 86' lang='lat' dir='ltr'>vererer,</span> <span class='ocrx_word' id='word_1_75' title='bbox 524 1489 562 1527; x_wconf 85' lang='lat' dir='ltr'>ne</span> <span class='ocrx_word' id='word_1_76' title='bbox 593 1469 630 1527; x_wconf 89' lang='lat' dir='ltr'>de</span> <span class='ocrx_word' id='word_1_77' title='bbox 664 1470 773 1546; x_wconf 89' lang='lat' dir='ltr'>meipso</span> <span class='ocrx_word' id='word_1_78' title='bbox 807 1470 915 1546; x_wconf 80' lang='lat' dir='ltr'>aliquid</span> 
     </span>
     <span class='ocr_line' id='line_1_13' title="bbox 105 1565 915 1641; baseline 0.004 -20"><span class='ocrx_word' id='word_1_79' title='bbox 105 1565 235 1622; x_wconf 66' lang='lat' dir='ltr'>uiderer</span> <span class='ocrx_word' id='word_1_80' title='bbox 269 1565 359 1640; x_wconf 87' lang='lat' dir='ltr'>queri.</span> <span class='ocrx_word' id='word_1_81' title='bbox 419 1566 477 1624; x_wconf 90' lang='lat' dir='ltr'>Sed</span> <span class='ocrx_word' id='word_1_82' title='bbox 512 1576 609 1623; x_wconf 80' lang='lat' dir='ltr'>tamen</span> <span class='ocrx_word' id='word_1_83' title='bbox 643 1566 783 1639; x_wconf 83' lang='lat' dir='ltr'>ridemus,</span> <span class='ocrx_word' id='word_1_84' title='bbox 811 1567 915 1641; x_wconf 89' lang='lat' dir='ltr'>quibus</span> 
     </span>
     <span class='ocr_line' id='line_1_14' title="bbox 104 1662 916 1741; baseline 0.005 -23"><span class='ocrx_word' id='word_1_85' title='bbox 104 1686 109 1702; x_wconf 51' lang='grc' dir='ltr'><em>ι</em></span> <span class='ocrx_word' id='word_1_86' title='bbox 120 1662 272 1719; x_wconf 84' lang='lat' dir='ltr'>exstinctis</span> <span class='ocrx_word' id='word_1_87' title='bbox 281 1662 454 1735; x_wconf 84' lang='lat' dir='ltr'>oratoribus,</span> <span class='ocrx_word' id='word_1_88' title='bbox 466 1682 552 1738; x_wconf 88' lang='lat' dir='ltr'>quam</span> <span class='ocrx_word' id='word_1_89' title='bbox 566 1664 595 1720; x_wconf 93' lang='lat' dir='ltr'>iu</span> <span class='ocrx_word' id='word_1_90' title='bbox 610 1665 711 1741; x_wconf 82' lang='lat' dir='ltr'>paucis</span> <span class='ocrx_word' id='word_1_91' title='bbox 721 1683 796 1741; x_wconf 83' lang='lat' dir='ltr'>spes,</span> <span class='ocrx_word' id='word_1_92' title='bbox 808 1675 916 1740; x_wconf 78' lang='lat' dir='ltr'>quanto</span> 
     </span>
     <span class='ocr_line' id='line_1_15' title="bbox 87 1740 915 1836; baseline 0.008 -22"><span class='ocrx_word' id='word_1_93' title='bbox 87 1740 92 1756; x_wconf 61' lang='grc'><em>’</em></span> <span class='ocrx_word' id='word_1_94' title='bbox 107 1759 152 1815; x_wconf 84' lang='lat' dir='ltr'>in</span> <span class='ocrx_word' id='word_1_95' title='bbox 169 1759 353 1835; x_wconf 83' lang='lat' dir='ltr'>paucioribus</span> <span class='ocrx_word' id='word_1_96' title='bbox 375 1759 507 1831; x_wconf 80' lang='lat' dir='ltr'>facultas,</span> <span class='ocrx_word' id='word_1_97' title='bbox 521 1780 607 1836; x_wconf 86' lang='lat' dir='ltr'>quarn</span> <span class='ocrx_word' id='word_1_98' title='bbox 622 1762 652 1819; x_wconf 92' lang='lat' dir='ltr'>in</span> <span class='ocrx_word' id='word_1_99' title='bbox 666 1762 765 1820; x_wconf 89' lang='lat' dir='ltr'>multis</span> <span class='ocrx_word' id='word_1_100' title='bbox 778 1762 814 1822; x_wconf 89' lang='lat' dir='ltr'>sit</span> <span class='ocrx_word' id='word_1_101' title='bbox 829 1762 915 1821; x_wconf 83' lang='lat' dir='ltr'>nuda·</span> 
     </span>
     <span class='ocr_line' id='line_1_16' title="bbox 106 1854 962 1935; baseline 0.004 -22"><span class='ocrx_word' id='word_1_102' title='bbox 106 1855 175 1913; x_wconf 70' lang='lat' dir='ltr'>oin</span> <span class='ocrx_word' id='word_1_103' title='bbox 218 1854 294 1913; x_wconf 87' lang='lat' dir='ltr'>Cum</span> <span class='ocrx_word' id='word_1_104' title='bbox 316 1867 412 1914; x_wconf 85' lang='lat' dir='ltr'>autem</span> <span class='ocrx_word' id='word_1_105' title='bbox 433 1876 533 1914; x_wconf 87' lang='lat' dir='ltr'>omnes</span> <span class='ocrx_word' id='word_1_106' title='bbox 553 1877 612 1915; x_wconf 92' lang='lat' dir='ltr'>non</span> <span class='ocrx_word' id='word_1_107' title='bbox 633 1859 754 1935; x_wconf 87' lang='lat' dir='ltr'>possint,</span> <span class='ocrx_word' id='word_1_108' title='bbox 773 1878 810 1916; x_wconf 91' lang='lat' dir='ltr'>ne</span> <span class='ocrx_word' id='word_1_109' title='bbox 831 1859 913 1917; x_wconf 85' lang='lat' dir='ltr'>multi</span> <span class='ocrx_word' id='word_1_110' title='bbox 930 1860 962 1909; x_wconf 86' lang='lat'>15</span> 
     </span>
     <span class='ocr_line' id='line_1_17' title="bbox 104 1952 914 2030; baseline 0.004 -20"><span class='ocrx_word' id='word_1_111' title='bbox 104 1952 249 2030; x_wconf 76' lang='lat' dir='ltr'>=quidem‚</span> <span class='ocrx_word' id='word_1_112' title='bbox 274 1963 322 2011; x_wconf 84' lang='lat' dir='ltr'>unt</span> <span class='ocrx_word' id='word_1_113' title='bbox 345 1953 504 2030; x_wconf 86' lang='lat' dir='ltr'>jurisperiti</span> <span class='ocrx_word' id='word_1_114' title='bbox 530 1973 594 2011; x_wconf 83' lang='lat' dir='ltr'>esse</span> <span class='ocrx_word' id='word_1_115' title='bbox 622 1965 671 2012; x_wconf 84' lang='lat' dir='ltr'>aut</span> <span class='ocrx_word' id='word_1_116' title='bbox 695 1954 809 2026; x_wconf 83' lang='lat' dir='ltr'>diserti3</span> <span class='ocrx_word' id='word_1_117' title='bbox 845 1956 914 2013; x_wconf 81' lang='lat' dir='ltr'>lieet</span> 
     </span>
     <span class='ocr_line' id='line_1_18' title="bbox 106 2050 913 2129; baseline 0 -20"><span class='ocrx_word' id='word_1_118' title='bbox 106 2060 217 2109; x_wconf 68' lang='lat' dir='ltr'>‘tamen</span> <span class='ocrx_word' id='word_1_119' title='bbox 230 2050 318 2127; x_wconf 78' lang='lat' dir='ltr'>operd</span> <span class='ocrx_word' id='word_1_120' title='bbox 332 2051 468 2126; x_wconf 85' lang='lat' dir='ltr'>prodesse</span> <span class='ocrx_word' id='word_1_121' title='bbox 482 2051 590 2122; x_wconf 87' lang='lat' dir='ltr'>multis,</span> <span class='ocrx_word' id='word_1_122' title='bbox 602 2051 744 2109; x_wconf 82' lang='lat' dir='ltr'>beneficia</span> <span class='ocrx_word' id='word_1_123' title='bbox 757 2062 913 2129; x_wconf 86' lang='lat' dir='ltr'>petentem,</span> 
     </span>
     <span class='ocr_line' id='line_1_19' title="bbox 106 2147 914 2227; baseline 0 -22"><span class='ocrx_word' id='word_1_124' title='bbox 106 2147 374 2205; x_wconf 86' lang='lat' dir='ltr'>·oommendantem</span> <span class='ocrx_word' id='word_1_125' title='bbox 391 2147 540 2223; x_wconf 86' lang='lat' dir='ltr'>judicibus</span> <span class='ocrx_word' id='word_1_126' title='bbox 554 2159 584 2206; x_wconf 86' lang='lat' dir='ltr'>et</span> <span class='ocrx_word' id='word_1_127' title='bbox 603 2149 828 2225; x_wconf 83' lang='lat' dir='ltr'>magistratibus,</span> <span class='ocrx_word' id='word_1_128' title='bbox 843 2150 914 2227; x_wconf 86' lang='lat' dir='ltr'>vigi·</span> 
     </span>
     <span class='ocr_line' id='line_1_20' title="bbox 116 2243 913 2320; baseline -0.001 -19"><span class='ocrx_word' id='word_1_129' title='bbox 116 2244 227 2301; x_wconf 71' lang='lat' dir='ltr'>lentem</span> <span class='ocrx_word' id='word_1_130' title='bbox 249 2262 353 2320; x_wconf 89' lang='lat' dir='ltr'>prore</span> <span class='ocrx_word' id='word_1_131' title='bbox 374 2243 567 2314; x_wconf 81' lang='lat' dir='ltr'>alterius‚eos</span> <span class='ocrx_word' id='word_1_132' title='bbox 588 2243 675 2318; x_wconf 90' lang='lat' dir='ltr'>ipsos,</span> <span class='ocrx_word' id='word_1_133' title='bbox 701 2243 749 2318; x_wconf 93' lang='lat' dir='ltr'>qui</span> <span class='ocrx_word' id='word_1_134' title='bbox 772 2254 821 2301; x_wconf 82' lang='lat' dir='ltr'>aut</span> <span class='ocrx_word' id='word_1_135' title='bbox 845 2262 913 2301; x_wconf 89' lang='lat' dir='ltr'>oon-</span> 
     </span>
    </p>

    <p class='ocr_par' dir='ltr' id='par_1_4' title="bbox 63 2333 961 2609">
     <span class='ocr_line' id='line_1_21' title="bbox 63 2333 961 2416; baseline 0.003 -19"><span class='ocrx_word' id='word_1_136' title='bbox 63 2333 64 2336; x_wconf 26' lang='lat'><em>*</em></span> <span class='ocrx_word' id='word_1_137' title='bbox 105 2341 253 2398; x_wconf 84' lang='lat' dir='ltr'>sulumur</span> <span class='ocrx_word' id='word_1_138' title='bbox 282 2352 330 2397; x_wconf 82' lang='lat' dir='ltr'>aut</span> <span class='ocrx_word' id='word_1_139' title='bbox 358 2340 527 2410; x_wconf 83' lang='lat' dir='ltr'>defendunt,</span> <span class='ocrx_word' id='word_1_140' title='bbox 555 2349 722 2416; x_wconf 68' lang='lat' dir='ltr'>rogantem</span> <span class='ocrx_word' id='word_1_141' title='bbox 757 2341 834 2414; x_wconf 92' lang='lat' dir='ltr'>quod</span> <span class='ocrx_word' id='word_1_142' title='bbox 862 2340 913 2415; x_wconf 90' lang='lat' dir='ltr'>qui</span> <span class='ocrx_word' id='word_1_143' title='bbox 929 2350 961 2401; x_wconf 79' lang='lat'>2⁰</span> 
     </span>
     <span class='ocr_line' id='line_1_22' title="bbox 117 2435 914 2513; baseline 0.001 -20"><span class='ocrx_word' id='word_1_144' title='bbox 117 2436 241 2504; x_wconf 80' lang='lat' dir='ltr'>faciunt,</span> <span class='ocrx_word' id='word_1_145' title='bbox 263 2437 419 2513; x_wconf 89' lang='lat' dir='ltr'>plurimum</span> <span class='ocrx_word' id='word_1_146' title='bbox 439 2437 538 2513; x_wconf 86' lang='lat' dir='ltr'>gratiae</span> <span class='ocrx_word' id='word_1_147' title='bbox 560 2447 787 2511; x_wconf 86' lang='lat' dir='ltr'>consequuntur,</span> <span class='ocrx_word' id='word_1_148' title='bbox 810 2435 914 2495; x_wconf 82' lang='lat' dir='ltr'>latissi-</span> 
     </span>
     <span class='ocr_line' id='line_1_23' title="bbox 108 2525 613 2609; baseline 0 -19"><span class='ocrx_word' id='word_1_149' title='bbox 108 2553 223 2609; x_wconf 85' lang='lat' dir='ltr'>meque</span> <span class='ocrx_word' id='word_1_150' title='bbox 237 2525 338 2591; x_wconf 84' lang='lat' dir='ltr'>eorum</span> <span class='ocrx_word' id='word_1_151' title='bbox 353 2543 449 2591; x_wconf 84' lang='lat' dir='ltr'>manat</span> <span class='ocrx_word' id='word_1_152' title='bbox 463 2532 613 2590; x_wconf 68' lang='lat' dir='ltr'>industrie</span> 
     </span>
    </p>

    <p class='ocr_par' dir='ltr' id='par_1_5' title="bbox 107 2630 980 3189">
     <span class='ocr_line' id='line_1_24' title="bbox 158 2630 980 2708; baseline 0.001 -19"><span class='ocrx_word' id='word_1_153' title='bbox 158 2630 227 2689; x_wconf 85' lang='lat' dir='ltr'>Jarn</span> <span class='ocrx_word' id='word_1_154' title='bbox 248 2630 318 2687; x_wconf 90' lang='lat' dir='ltr'>illud</span> <span class='ocrx_word' id='word_1_155' title='bbox 339 2650 398 2688; x_wconf 91' lang='lat' dir='ltr'>non</span> <span class='ocrx_word' id='word_1_156' title='bbox 419 2641 485 2688; x_wconf 86' lang='lat' dir='ltr'>sunt</span> <span class='ocrx_word' id='word_1_157' title='bbox 507 2630 691 2702; x_wconf 89' lang='lat' dir='ltr'>admonendi,</span> <span class='ocrx_word' id='word_1_158' title='bbox 710 2630 767 2708; x_wconf 88' lang='lat' dir='ltr'>(est</span> <span class='ocrx_word' id='word_1_159' title='bbox 788 2632 913 2690; x_wconf 88' lang='lat' dir='ltr'>enimin</span> <span class='ocrx_word' id='word_1_160' title='bbox 977 2670 980 2676; x_wconf 89' lang='lat'><em>-</em></span> 
     </span>
     <span class='ocr_line' id='line_1_25' title="bbox 107 2727 912 2807; baseline 0.006 -24"><span class='ocrx_word' id='word_1_161' title='bbox 107 2747 110 2798; x_wconf 61' lang='lat' dir='ltr'>g</span> <span class='ocrx_word' id='word_1_162' title='bbox 116 2729 269 2807; x_wconf 83' lang='lat' dir='ltr'>promptu)</span> <span class='ocrx_word' id='word_1_163' title='bbox 285 2739 317 2785; x_wconf 90' lang='lat' dir='ltr'>ut</span> <span class='ocrx_word' id='word_1_164' title='bbox 331 2728 459 2785; x_wconf 78' lang='lat' dir='ltr'>animum</span> <span class='ocrx_word' id='word_1_165' title='bbox 475 2727 632 2800; x_wconf 82' lang='lat' dir='ltr'>advertant,</span> <span class='ocrx_word' id='word_1_166' title='bbox 648 2747 715 2786; x_wconf 85' lang='lat' dir='ltr'>curn</span> <span class='ocrx_word' id='word_1_167' title='bbox 726 2728 826 2806; x_wconf 78' lang='lat' dir='ltr'>juvare</span> <span class='ocrx_word' id='word_1_168' title='bbox 841 2730 912 2788; x_wconf 82' lang='lat' dir='ltr'>alios</span> 
     </span>
     <span class='ocr_line' id='line_1_26' title="bbox 117 2823 960 2901; baseline 0.006 -21"><span class='ocrx_word' id='word_1_169' title='bbox 117 2823 218 2896; x_wconf 85' lang='lat' dir='ltr'>velint,</span> <span class='ocrx_word' id='word_1_170' title='bbox 235 2842 271 2880; x_wconf 90' lang='lat' dir='ltr'>ne</span> <span class='ocrx_word' id='word_1_171' title='bbox 286 2843 358 2899; x_wconf 88' lang='lat' dir='ltr'>quos</span> <span class='ocrx_word' id='word_1_172' title='bbox 378 2824 533 2883; x_wconf 84' lang='lat' dir='ltr'>offendant.</span> <span class='ocrx_word' id='word_1_173' title='bbox 584 2825 669 2901; x_wconf 84' lang='lat' dir='ltr'>Saepe</span> <span class='ocrx_word' id='word_1_174' title='bbox 691 2825 769 2883; x_wconf 88' lang='lat' dir='ltr'>enim</span> <span class='ocrx_word' id='word_1_175' title='bbox 792 2837 840 2884; x_wconf 84' lang='lat' dir='ltr'>aut</span> <span class='ocrx_word' id='word_1_176' title='bbox 861 2846 911 2884; x_wconf 89' lang='lat' dir='ltr'>eos</span> <span class='ocrx_word' id='word_1_177' title='bbox 927 2836 960 2885; x_wconf 76' lang='lat'>25</span> 
     </span>
     <span class='ocr_line' id='line_1_27' title="bbox 116 2920 912 2998; baseline 0.005 -20"><span class='ocrx_word' id='word_1_178' title='bbox 116 2920 228 2978; x_wconf 85' lang='lat' dir='ltr'>laedunt</span> <span class='ocrx_word' id='word_1_179' title='bbox 248 2940 320 2996; x_wconf 91' lang='lat' dir='ltr'>quos</span> <span class='ocrx_word' id='word_1_180' title='bbox 340 2940 399 2979; x_wconf 92' lang='lat' dir='ltr'>non</span> <span class='ocrx_word' id='word_1_181' title='bbox 420 2922 536 2995; x_wconf 86' lang='lat' dir='ltr'>debent,</span> <span class='ocrx_word' id='word_1_182' title='bbox 555 2932 603 2979; x_wconf 83' lang='lat' dir='ltr'>aut</span> <span class='ocrx_word' id='word_1_183' title='bbox 623 2941 674 2979; x_wconf 91' lang='lat' dir='ltr'>eos</span> <span class='ocrx_word' id='word_1_184' title='bbox 694 2941 767 2998; x_wconf 88' lang='lat' dir='ltr'>quos</span> <span class='ocrx_word' id='word_1_185' title='bbox 786 2942 844 2981; x_wconf 90' lang='lat' dir='ltr'>non</span> <span class='ocrx_word' id='word_1_186' title='bbox 865 2943 912 2982; x_wconf 84' lang='lat' dir='ltr'>ex·</span> 
     </span>
     <span class='ocr_line' id='line_1_28' title="bbox 107 3017 911 3098; baseline 0.007 -25"><span class='ocrx_word' id='word_1_187' title='bbox 107 3017 197 3095; x_wconf 84' lang='lat' dir='ltr'>pedit</span> <span class='ocrx_word' id='word_1_188' title='bbox 206 3038 214 3088; x_wconf 78' lang='lat'><em>3</em></span> <span class='ocrx_word' id='word_1_189' title='bbox 236 3018 261 3074; x_wconf 90' lang='lat' dir='ltr'>si</span> <span class='ocrx_word' id='word_1_190' title='bbox 281 3017 486 3095; x_wconf 82' lang='lat' dir='ltr'>imprudentes,</span> <span class='ocrx_word' id='word_1_191' title='bbox 501 3019 759 3098; x_wconf 59' lang='lat' dir='ltr'>negligentiorem</span> <span class='ocrx_word' id='word_1_192' title='bbox 781 3020 804 3078; x_wconf 91' lang='lat' dir='ltr'>si</span> <span class='ocrx_word' id='word_1_193' title='bbox 819 3021 911 3079; x_wconf 83' lang='lat' dir='ltr'>soien-</span> 
     </span>
     <span class='ocr_line' id='line_1_29' title="bbox 107 3113 911 3189; baseline 0 -16"><span class='ocrx_word' id='word_1_194' title='bbox 107 3124 173 3189; x_wconf 72' lang='lat' dir='ltr'>ttes,</span> <span class='ocrx_word' id='word_1_195' title='bbox 183 3113 363 3175; x_wconf 78' lang='lat' dir='ltr'>temeritatis.</span> <span class='ocrx_word' id='word_1_196' title='bbox 404 3115 552 3177; x_wconf 88' lang='lat' dir='ltr'>Utendum</span> <span class='ocrx_word' id='word_1_197' title='bbox 566 3114 653 3175; x_wconf 83' lang='lat' dir='ltr'>etiam</span> <span class='ocrx_word' id='word_1_198' title='bbox 667 3127 710 3177; x_wconf 88' lang='lat' dir='ltr'>est</span> <span class='ocrx_word' id='word_1_199' title='bbox 723 3116 911 3179; x_wconf 77' lang='lat' dir='ltr'>excusatione</span> 
     </span>
    </p>
   </div>
   <div class='ocr_carea' id='block_1_3' title="bbox 0 0 1088 3609">
    <p class='ocr_par' dir='ltr' id='par_1_6' title="bbox 0 0 1088 3609">
     <span class='ocr_line' id='line_1_30' title="bbox 0 0 1088 3609; baseline 0 0"><span class='ocrx_word' id='word_1_200' title='bbox 0 0 1088 3609; x_wconf 95' lang='lat' dir='ltr'> </span> 
     </span>
    </p>
   </div>
  </div>
 </body>
</html>
