2167 3609
88 346 183 408 um]
381 347 424 394 nu
444 348 590 396 osricus.
865 343 926 404 tta

87 496 244 573 profectus,
270 496 386 555 inanem
409 498 503 556 redire
523 498 719 576 turpissimum
749 509 804 573 est,
827 499 877 559 de·

88 592 276 651 decorantem
300 603 330 650 et
352 594 431 652 urbis
462 595 671 668 auctoritatem,
686 606 715 653 et
738 596 875 674 magistri.

86 688 200 760 Quare,
222 699 360 764 quantum
381 690 491 768 conniti
512 691 609 748 animo
628 702 718 767 potes,
739 703 876 768 quantum

7 804 11 820 ·
87 784 186 841 labore
207 787 383 843 contendere
399 785 438 863 (si
458 787 589 845 discendi
609 788 690 845 labor
709 797 753 845 est
771 789 875 865 potius,

88 898 179 958 quam!
203 881 345 960 voluptas)
373 892 495 962 tantum,
516 884 573 957 sac,
594 893 626 940 ut
652 883 777 942 efficias:
803 896 906 945 nevet

87 976 260 1049 committas,
282 986 323 1049 ut,
351 996 418 1035 curn
445 979 544 1037 omnia
569 979 750 1057 suppeditata
776 981 833 1038 sint
859 1000 878 1039 a

85 1073 182 1145 nobis,
197 1083 258 1131 tute
279 1074 331 1131 tibi
352 1074 477 1132 defuisse
497 1075 620 1134 videare.
662 1076 720 1135 Sed
735 1077 797 1135 hreo
810 1077 877 1135 hao-

86 1179 181 1227 tenus.
223 1169 317 1227 Multa
330 1171 408 1228 enim
422 1190 497 1248 saepe
515 1172 550 1229 ad
570 1183 610 1243 te,
624 1172 793 1230 cohortandi
812 1192 877 1250 grs-

86 1264 137 1337 tit,
152 1264 329 1341 scripsimus.
371 1267 460 1325 Nunc
481 1267 517 1325 ad
537 1267 676 1345 reliquam
689 1280 799 1345 partem
812 1288 876 1346 pro-

85 1362 187 1438 positre
201 1362 352 1420 divisionis
365 1375 550 1421 revertamur.
889 1376 921 1425 1⁰

124 1457 273 1514 Panaetius
299 1458 387 1535 igitur
415 1459 487 1535 (qui,
514 1460 577 1517 sine
604 1462 809 1534 controversia,
838 1462 874 1520 de

84 1554 190 1612 officiis
215 1555 431 1612 accuratissime
458 1556 621 1632 disputavit,
643 1576 785 1634 quemque
811 1576 873 1629 nos,

84 1650 267 1708 correctione
286 1651 411 1726 quidam
432 1652 570 1725 adhibiti,
584 1654 763 1728 potissimum
782 1653 874 1712 secuti

83 1749 210 1825 sumus),
231 1747 323 1804 tribus
349 1748 504 1824 generibus
530 1750 693 1826 propositis,
716 1750 746 1808 in
771 1750 874 1826 quibos

83 1843 246 1901 deliberare
266 1844 406 1915 homines,
421 1855 450 1901 et
464 1847 623 1903 consultare
638 1847 673 1904 de
687 1847 785 1905 officio
802 1847 920 1906 sole-15

82 1951 148 1997 rent
157 1960 165 2010 ;
187 1960 254 2012 uno,
270 1959 336 1998 curn
353 1941 525 2010 dubitarent,
540 1943 731 2001 honestumne
744 1944 773 2001 id
787 1953 872 2016 esset,

83 2038 200 2112 dequo
222 2047 363 2114 ageretur,
386 2057 422 2095 an
449 2048 547 2114 turpe;
576 2039 677 2112 altero,
696 2040 814 2113 utilene,
836 2059 873 2098 an

82 2134 204 2204 inutile3
226 2133 321 2206 tertio,
338 2133 362 2191 si
383 2133 423 2205 id,
443 2134 519 2209 quod
539 2135 666 2211 speciem
686 2135 804 2193 haberet
823 2135 874 2192 ho·

82 2230 170 2301 nesti,
197 2240 340 2308 pugnaret
366 2249 432 2289 cum
460 2250 495 2288 eo
521 2231 598 2305 quod
622 2230 693 2288 utile
718 2230 872 2301 videretur,

83 2326 232 2401 quomodo
253 2345 288 2383 ea
308 2326 434 2383 discerni
453 2336 614 2402 oporteret3
637 2326 673 2383 de
694 2326 806 2383 duobus
825 2343 873 2402 ge·
886 2338 919 2389 m

82 2422 204 2479 neribus
217 2422 327 2497 primis,
341 2423 433 2479 tribus
452 2423 533 2480 libris
547 2422 722 2498 explicavit:
739 2423 775 2480 de
789 2421 873 2480 tertio

84 2529 182 2576 autem
210 2537 316 2596 genere
350 2519 487 2594 deinceps
514 2539 545 2577 se
572 2519 686 2594 scripsit
719 2519 872 2591 dicturum,

83 2633 141 2672 nec
162 2614 293 2688 exsolvit,
307 2614 385 2690 quod
404 2617 581 2691 promiserat.
621 2616 710 2678 Quod
730 2635 764 2675 eo
782 2616 873 2692 magis

83 2711 184 2783 miror,
199 2710 268 2786 quia
287 2711 425 2787 scriptum
446 2730 463 2769 a
482 2712 623 2790 discipulo
643 2712 705 2787 ejus
718 2710 873 2769 Posidonio

83 2818 139 2878 est,
154 2807 275 2884 triginta
289 2808 372 2866 annis
385 2806 488 2865 vixisse
502 2808 672 2880 Panaetium,
686 2818 872 2884 posteaquam
886 2811 923 2864 25-

84 2922 136 2962 eos
150 2903 241 2961 libros
254 2903 400 2962 edidisset.
440 2903 539 2966 Quem
553 2905 649 2962 locum
663 2903 750 2961 miror
765 2923 782 2962 a
794 2902 874 2963 Posi-

84 2999 176 3068 donia
196 3000 320 3069 breviter
340 3019 403 3066 esse
423 3010 533 3065 uotum
552 3001 584 3066 in
602 2999 771 3082 quibusdem
794 3017 879 3063 com·
