2167 3609
105 356 180 417 nn]
405 359 449 407 nn
468 360 613 408 occicus.
905 354 946 412 57

147 505 328 564 Adhibenda
338 516 382 564 eat
391 506 478 585 igitur
488 509 619 582 quiedam
633 508 793 567 reverentie
803 509 900 567 edver-

105 622 157 660 sus
177 602 320 676 homines,
334 614 364 661 et
382 604 483 679 optimi
500 605 649 681 cujusque,
663 616 692 663 et
705 606 897 681 reliquorum:

103 719 177 757 nam
200 700 359 776 negligere,
380 700 448 776 quid
468 700 504 758 de
522 721 554 759 ee
572 703 693 777 quisque
711 703 825 773 sentiat,
839 723 897 761 non

104 796 205 854 solum
220 797 379 874 arrogantie
392 807 445 869 eet,
456 798 508 856 sed
522 799 609 856 etiam
624 799 743 857 omnino
757 800 896 857 dissoluti.

104 892 164 951 Est
189 902 293 965 autem,
316 894 392 969 quod
413 895 535 967 differat,
558 895 588 953 iu
614 894 762 953 homiuum
786 896 929 954 ratione5

103 989 254 1061 habendd‚
275 989 350 1066 inter
368 990 509 1067 justitiam
530 1002 560 1048 et
579 990 792 1049 verecundiam.
833 990 898 1050 Jus-

103 1084 181 1143 titiae
193 1095 290 1161 partes
303 1096 380 1158 suut,
394 1105 453 1144 uon
469 1087 575 1144 violare
595 1086 726 1145 homines
734 1107 742 1157 ;
762 1105 898 1146 verecun-

105 1181 175 1253 diae,
188 1200 249 1239 nou
270 1181 433 1240 offendere:
455 1182 486 1240 in
505 1202 562 1258 quo
581 1182 705 1240 maxime
724 1182 897 1259 perspicitur

103 1277 151 1334 vie
176 1278 283 1335 decori.
326 1277 383 1335 His
407 1278 494 1356 igitur
518 1279 663 1355 expositis,
688 1279 772 1355 quale
795 1279 833 1336 sit
856 1279 896 1352 id,

102 1374 186 1450 quod
201 1374 306 1431 decere
319 1373 453 1448 dicimus,
468 1374 647 1433 intellectum
660 1386 739 1452 puto.
913 1383 944 1432 m

146 1467 286 1530 Officium
302 1480 408 1543 autem,
422 1470 498 1546 quod
513 1473 549 1529 ab
562 1490 598 1529 eo
611 1472 737 1545 ducitur,
752 1472 828 1530 hanc
841 1473 897 1549 pri·

103 1584 184 1624 mam
205 1565 293 1625 habet
306 1567 391 1640 viam,
406 1587 469 1644 quae
483 1568 601 1626 deducit
616 1569 651 1626 ad
666 1569 897 1628 convenientiam
934 1579 936 1586 ’

104 1663 414 1740 conservationemque
434 1673 561 1735 nuturae3
589 1666 721 1742 quamsi
745 1685 896 1743 sequemur

104 1760 224 1832 ducem,
238 1779 385 1836 uunquam
397 1762 609 1820 aberrabimus:
631 1782 896 1840 consequemurque

103 1866 136 1914 et
149 1856 181 1914 id
194 1857 272 1933 quod
287 1867 404 1918 acutum
425 1867 455 1915 et
475 1859 626 1934 perspicax
639 1862 742 1920 naturai
756 1872 809 1932 eet,
824 1871 852 1917 et
867 1861 896 1918 id
913 1867 944 1915 15

105 1951 186 2027 quod
207 1951 244 2010 ad
265 1951 414 2011 hominum
434 1954 681 2014 consociationem
698 1957 897 2014 accommoda·

104 2058 179 2121 tum,
208 2058 238 2106 et
265 2048 295 2104 id
321 2049 397 2126 quod
424 2051 578 2108 vehemens
602 2063 687 2126 utque
714 2053 795 2110 sorte.
837 2053 896 2109 Sed

105 2145 234 2203 maxima
254 2145 296 2202 vie
317 2145 415 2202 decori
437 2145 467 2203 in
491 2147 547 2226 hac
571 2148 646 2216 inest
668 2159 759 2222 parte,
784 2149 820 2204 de
840 2148 896 2222 qud

105 2241 296 2317 disputamus.
337 2240 443 2316 Neque
470 2243 549 2299 euim
573 2243 666 2300 solum
688 2244 828 2318 corporis,
848 2263 884 2317 qu

106 2339 143 2396 ad
166 2348 300 2395 naturam
323 2339 380 2414 apti
404 2348 481 2410 eunt,
504 2339 556 2396 sed
582 2338 673 2397 multo
693 2338 781 2397 etiam
805 2339 897 2415 magis
912 2351 943 2401 2⁰

106 2435 197 2492 enimi
218 2445 311 2493 motue
331 2436 482 2510 probandi,
497 2436 547 2510 qui
560 2434 636 2492 ’item
652 2435 687 2493 ad
704 2445 836 2494 naturam
852 2454 897 2493 ac-

105 2532 282 2591 commodati
293 2541 368 2591 sunt.
402 2532 518 2609 Duplex
528 2543 572 2590 est
582 2532 660 2590 euim
672 2532 714 2590 vis
726 2533 895 2604 animorum,

106 2640 194 2703 atque
216 2638 343 2685 naturae:
372 2647 431 2687 uua
452 2648 517 2705 pars
539 2629 569 2686 in
593 2630 719 2705 appetitu
740 2629 834 2705 posita
853 2640 896 2686 est

107 2724 187 2801 (quie
210 2735 254 2781 eet
277 2727 373 2797 Ὀρμὴ
397 2725 524 2807 Graece),
539 2745 601 2800 quae
624 2726 768 2783 hominem
791 2725 849 2783 huc
868 2736 897 2784 et

105 2820 178 2878 illuc
192 2820 284 2895 rapit3
307 2820 396 2878 alteru
417 2820 448 2878 in
469 2821 592 2893 ratione,
607 2825 669 2896 quae
690 2821 777 2879 docet
798 2832 827 2878 et
850 2840 897 2879 ex·
910 2829 943 2878 25

105 2916 217 2993 planat,
232 2916 302 2992 quid
316 2916 481 2976 faciendum
495 2918 700 2995 fugiendumve
713 2919 758 2977 eit
799 2916 895 2991 Itafit,

105 3024 139 3073 ut
152 3013 229 3074 ratio
241 3014 349 3093 presit,
364 3014 505 3094 appetitus
517 3016 705 3091 obtemperet.
