2167 3609
164 348 220 408 132
493 362 537 408 un
559 341 703 409 osmons.
910 363 951 423 [n.
961 363 992 410 11.

206 506 325 566 minima
344 508 478 584 suspicio.
520 510 695 581 “Utinamss'
710 508 854 585 inquit'O.
869 508 996 567 Pontius

206 605 330 677 Samnis,
343 612 362 638 “
371 606 405 662 ad
419 606 468 663 illa
480 616 609 682 tempora
622 625 668 662 me
683 606 797 664 fortuna
807 606 991 678 reservdsset,

205 712 234 758 et
254 711 314 758 tum
341 721 433 759 essem
459 712 553 773 natus,
574 702 732 777 siquando
762 702 890 759 Romani
913 702 993 762 dono

206 799 336 874 accipere
358 799 526 873 coepissent!
556 818 614 855 non
642 818 733 855 essem
760 818 860 875 passus
880 800 992 858 diutius

174 898 254 951 5eos
281 895 448 970 imperare.’'
489 895 554 966 Nae,
575 895 616 951 illi
637 895 726 951 multa
747 895 852 952 sueonia
873 914 994 972 exspeo-

204 993 291 1049 tanda
310 992 440 1049 fuerunt:
465 992 552 1047 modo
571 991 649 1048 enim
669 992 725 1047 hoo
746 991 853 1048 malum
866 991 896 1048 in
911 992 994 1051 hano

203 1089 407 1163 rempublicam
432 1088 550 1144 invasit:
578 1088 674 1161 itaque
698 1087 783 1144 faoile
807 1088 899 1163 patior
925 1098 989 1147 tum

202 1185 297 1259 potius
317 1185 450 1242 Pontium
471 1185 567 1256 fuisse,
589 1184 729 1259 siquidem
749 1184 779 1240 in
803 1185 852 1242 illo
875 1195 987 1244 tantum

203 1281 256 1337 suit
278 1281 397 1338 roboris.
438 1280 576 1337 Nondum
600 1290 717 1337 centum
740 1291 769 1338 et
792 1279 892 1338 deoem
918 1282 987 1340 anni

157 1385 277 1447 losum,
299 1395 366 1433 oum
390 1378 426 1432 de
449 1377 581 1451 pecuniis
604 1377 768 1451 repetundis
789 1376 858 1434 aL.
879 1378 993 1435 Pisone

201 1472 259 1529 lata
278 1482 321 1529 est
341 1473 397 1544 lex,
418 1473 497 1530 nulla
517 1483 602 1530 antea
622 1492 688 1530 cum
709 1473 816 1531 fuisset.
857 1474 898 1530 At
916 1493 989 1532 vero

200 1581 298 1643 postea
317 1579 357 1627 tot
377 1570 466 1645 leges,
487 1580 516 1625 et
535 1569 671 1645 proxima
698 1588 817 1644 quaeque
837 1570 985 1641 duriores3

201 1673 242 1722 tot
269 1666 320 1737 rei,
344 1676 386 1723 tot
412 1666 555 1736 damnati;
586 1675 697 1722 tantum
721 1665 854 1723 Italicum
878 1666 986 1724 bellum

200 1771 314 1836 propter
344 1762 518 1837 judiciorum
551 1772 659 1818 metum
687 1762 859 1832 excitatum
893 1772 984 1836 tanta,

155 1860 186 1909 15
201 1856 319 1913 sublatis
339 1857 450 1934 legibus
468 1868 497 1914 et
514 1857 640 1933 judiciis,
656 1857 790 1931 expilatio
805 1858 992 1933 direptioque

201 1951 354 2019 sociorum,
376 1963 406 2009 ut
427 1952 630 2010 imbecillitate*
651 1952 781 2023 aliorum,
801 1971 860 2010 non
883 1954 987 2012 nostrd

200 2048 313 2117 virtute,
327 2050 479 2107 valeamus.

239 2243 340 2300 XXII.
375 2244 487 2300 Laudat
520 2242 692 2300 Africanum
725 2242 878 2314 Panaetius,
906 2244 989 2318 quod

200 2340 285 2397 fuerit
307 2340 459 2396 abstinens.
507 2340 590 2401 Quid
612 2339 643 2396 ni
663 2339 779 2397 laudet?
810 2340 860 2395 sed
883 2339 913 2397 in
936 2340 988 2398 illo

153 2440 185 2488 20
200 2436 255 2492 alia
273 2436 387 2510 majora.
429 2436 506 2492 Laus
528 2435 706 2492 abstinentie
725 2455 784 2492 non
801 2435 925 2493 hominis
940 2445 985 2494 est

199 2530 301 2601 solum,
329 2532 379 2587 sed
406 2531 492 2588 etiam
525 2542 685 2608 temporum
718 2532 839 2590 illorum.
893 2532 983 2590 Omni

199 2625 393 2683 Macedonum
413 2628 496 2704 gazi,
512 2647 574 2703 quae
596 2628 649 2685 fuit
669 2628 802 2699 maxima,
816 2627 924 2703 potitus
941 2636 985 2685 est

198 2722 321 2780 Paulus:
343 2733 453 2781 tantum
474 2724 503 2780 in
525 2724 655 2781 aerarium
675 2725 806 2800 peouniae
820 2724 937 2796 invexit,
952 2735 986 2781 ut

198 2818 284 2875 unius
304 2819 483 2894 imperatoris
502 2822 598 2895 praeda
617 2821 703 2878 finem
725 2820 851 2878 attulerit
863 2820 985 2878 tributo·

153 2919 270 2969 251um.
312 2914 353 2970 At
366 2914 414 2971 hio
428 2915 497 2971 nihil
513 2917 629 2973 domum
648 2935 738 2987 suam,
752 2926 855 2992 praeter
876 2934 985 2973 memo·

200 3007 271 3063 riam
297 3010 423 3066 nominis
449 3007 661 3085 sempiternam,
689 3012 799 3069 detulit.
849 3011 985 3070 Imitatus

199 3113 309 3179 patrem
324 3103 489 3177 Africanus,
504 3105 595 3163 nihilo
615 3106 786 3183 locupietior
806 3107 991 3186 Carthagine
