2167 3609
124 369 208 428 nn]
414 370 457 417 us
480 370 625 418 oremus.
903 364 960 425 185

166 518 208 576 At
225 536 292 575 vero
312 519 420 578 Aratus
440 519 595 595 Sicyonius
613 520 679 596 jure
696 518 839 592 laudatur,
853 520 913 595 qui,

123 634 193 671 euru
214 615 277 691 ejus
297 614 398 672 civitas
417 616 626 693 quinquaginta
646 635 737 673 annos
753 636 770 674 a
784 617 914 692 tyrannis

123 722 282 781 teneretur,
295 711 440 785 profectus
451 713 539 789 Argis
553 712 719 787 Sicyonem,
734 713 913 771 clandestino

123 808 242 865 introitu
270 807 342 864 urbe
367 818 411 865 est
436 809 554 884 potitus.
601 809 733 885 Cumque
760 820 912 883 tyrannum

122 903 280 962 Nicoclem
301 903 451 979 improviso
476 905 673 980 oppressisset,
694 914 846 972 sexcentos
866 913 942 964 ex·5

122 999 197 1069 ules,
223 999 271 1073 qui
303 998 415 1057 fuerant
446 1001 509 1075 ejus
537 1000 661 1058 civitatis
687 999 911 1077 locupletissimi,

123 1096 265 1166 restituit3
290 1111 410 1171 remque
426 1097 573 1172 publicam
596 1097 718 1154 adventu
739 1115 792 1154 suo
812 1096 913 1155 libera·

122 1192 172 1249 vit.
216 1193 285 1264 Sed,
300 1212 366 1250 oum
380 1212 515 1269 magnam
535 1193 772 1252 animadverteret
786 1193 816 1250 in
830 1193 913 1253 bonis

104 1305 107 1312 '
122 1299 153 1348 et
166 1289 395 1363 possessionibus
415 1289 622 1361 difficultatem,
637 1289 714 1364 quod
728 1299 757 1347 et
771 1307 821 1348 eos
840 1308 912 1365 quos

123 1385 186 1461 ipse
206 1386 379 1458 restituerat,
400 1404 520 1461 quorum
541 1387 618 1444 bona
641 1386 689 1444 alii
715 1387 910 1462 possederant,
925 1397 956 1447 10

121 1500 211 1558 egere
226 1482 435 1556 iniquissimum
451 1479 650 1554 arbitrabatur,
662 1493 691 1541 et
705 1483 913 1561 quinquaginta

123 1597 266 1636 annorum
286 1579 478 1654 possessiones
498 1579 606 1638 moveri
625 1599 682 1639 non
700 1580 786 1637 nimis
799 1599 912 1656 aequum

120 1674 251 1749 putabat,
266 1685 417 1749 propterea
436 1675 512 1750 quod
531 1686 592 1744 tam
612 1676 699 1752 longo
714 1676 806 1752 spatio
822 1677 913 1734 multa

124 1768 350 1841 hereditatibus,
365 1770 455 1828 multa
468 1771 671 1846 emptionibus,
682 1772 773 1829 multa
786 1772 910 1843 dotibus,

122 1866 295 1923 tenebantur
322 1866 385 1923 sine
412 1866 532 1942 injurii3
565 1867 714 1943 judicavit,
738 1886 831 1943 neque
855 1867 911 1926 illis
926 1879 956 1929 15

122 1962 223 2034 adimi,
251 1981 344 2038 neque
377 1963 423 2020 his
455 1983 514 2021 non
540 1964 683 2035 satisfieri,
711 1982 832 2037 quorum
862 1964 912 2022 illa
935 2026 938 2031 ,

121 2058 246 2130 t’uerant,
267 2069 406 2133 oportere.
449 2061 525 2117 Cum
553 2059 639 2137 igitur
664 2060 819 2131 statuisset,
839 2079 911 2136 opus

120 2173 186 2212 esse
201 2155 238 2211 ad
256 2174 321 2212 eam
340 2174 401 2213 rem
423 2157 655 2214 constituendam
670 2155 810 2230 pecuniis,
824 2156 912 2213 Alex·

121 2252 254 2308 andriam
274 2270 306 2310 se
325 2252 471 2327 proficisci
491 2250 565 2309 velle
585 2251 674 2320 dixit3
702 2268 820 2325 remque
841 2250 912 2309 inte-

120 2366 204 2424 gram
220 2348 254 2405 ad
270 2348 392 2405 reditum
413 2366 496 2404 suurn
514 2346 599 2422 jussit
615 2363 694 2403 esse:
717 2346 796 2420 isque
811 2345 911 2404 eeleri-
924 2361 956 2413 su

120 2454 166 2501 ter
188 2443 224 2500 ad
251 2443 448 2517 Ptolemaeum,
468 2461 553 2500 suum
580 2442 732 2518 hospitem,
753 2442 841 2515 venit,
861 2444 911 2519 qui

119 2550 183 2598 turn
199 2540 338 2616 regnabat
352 2540 423 2597 alter
443 2551 508 2615 post
521 2539 726 2598 Alexandriam
747 2540 909 2598 eonditum:

120 2638 172 2694 oui
193 2656 261 2694 oum
281 2637 468 2712 exposuisset,
488 2637 609 2713 patriam
629 2656 660 2694 se
684 2636 806 2693 liberare
826 2636 909 2710 velle,

121 2752 298 2807 causamque
319 2732 479 2803 docuissem
502 2720 599 2809 aroge
620 2732 756 2807 opulento
772 2733 813 2789 vir
834 2752 910 2792 surn-

120 2848 186 2887 mus
204 2829 289 2887 faoile
311 2829 481 2905 impetravit,
496 2840 528 2887 ut
541 2828 644 2907 grandi
657 2829 782 2905 peeunih
797 2830 909 2907 adjuva·
922 2847 954 2897 25

120 2936 209 2984 retur.
249 2925 348 2994 Quam
363 2945 430 2983 curn
445 2926 601 3001 Sicyonem
616 2924 766 2996 attulisset,
779 2926 909 2985 adhibuit

119 3020 176 3079 sibi
191 3021 221 3079 in
237 3021 389 3092 eonsilium
410 3021 577 3096 quindeoim
596 3019 751 3097 prinsipes,
766 3041 834 3080 oum
847 3022 908 3097 qui·

120 3118 176 3177 bus
197 3136 300 3176 eausas
321 3117 458 3196 coguovit
478 3127 627 3176 eteorum
647 3116 697 3193 qui
717 3118 811 3177 aliena
830 3127 909 3179 tenu·
