2167 3609
109 364 194 428 nn]
395 369 438 416 nu
460 369 605 434 oeneus.
855 418 858 424 ,
890 360 946 420 139

109 517 217 594 potius,
245 534 331 591 quarn
358 517 489 574 maximis
516 517 646 593 eorporis
672 518 789 576 viribus.
832 517 900 593 Ipse

110 615 186 673 inter
207 633 239 671 se
261 613 386 688 eorporis
408 614 467 670 sie:
498 624 529 671 ut
551 616 627 671 bona
648 615 780 672 valetudo
801 615 899 691 volup-

109 712 162 769 tati
187 720 387 785 anteponatur,
409 710 484 767 vires
508 711 658 768 celeritati.
705 710 898 769 Externorum

10 796 14 815 ’
109 820 218 879 nutem,
239 818 271 864 ut
291 807 383 884 gloria
404 806 520 878 divitiis,
536 807 690 883 vectigalia
710 807 820 865 urbana
838 828 899 867 rus·

109 906 185 963 tieis.
228 905 350 978 Exque
377 922 483 981 genere
511 903 743 978 comparationis,
765 903 835 961 illud
855 911 930 963 estt

108 1002 229 1060 Catonis
263 1001 355 1070 senis3
392 1018 408 1057 a
434 1017 492 1074 quo
526 1018 592 1056 eum
620 1010 802 1074 qnaereretnr,
830 1001 899 1075 quid

108 1099 235 1156 maxime
268 1097 299 1154 iu
332 1115 363 1154 re
393 1094 526 1154 familiari
560 1096 716 1173 expediret,
744 1097 898 1171 respondit,

107 1196 189 1254 Bene
215 1213 343 1270 pascere.
397 1193 481 1255 Quid
508 1193 689 1250 seeunduml
722 1194 799 1250 Satis
826 1194 899 1251 bene

107 1311 236 1371 pascere.
276 1290 360 1353 Quid
387 1290 523 1347 tertiuml
545 1289 623 1347 Male
649 1309 776 1365 pascere.
815 1289 899 1352 Quid

108 1391 264 1467 quartum?
285 1389 387 1446 Arare.
429 1386 477 1459 Et,
499 1406 567 1445 curn
589 1387 646 1459 ille,
668 1387 717 1462 qui
737 1388 898 1462 quaesiernt,
914 1396 945 1445 10

107 1489 238 1558 dixisset,
271 1485 354 1547 Quid
389 1484 542 1541 foeneraril
576 1495 638 1540 turn
671 1483 754 1555 Cato,
788 1485 898 1546 “Quid

108 1585 286 1658 hominem,''
312 1582 413 1659 inquit,
442 1582 651 1638 “occideret'’
703 1580 748 1638 Ex
774 1601 841 1656 quo,
869 1591 899 1639 et

107 1682 207 1740 multis
228 1680 300 1751 aliis,
322 1678 444 1755 intelligi
466 1678 560 1749 debet,
576 1677 732 1734 utilitatum
753 1695 900 1753 eompara-

108 1779 205 1837 tiones
225 1777 287 1835 lieri
307 1777 410 1848 solere,
424 1785 560 1849 reeteque
581 1775 636 1832 hoe
656 1774 821 1850 adjunctum
835 1792 899 1832 esee

107 1886 243 1952 quartum
257 1872 497 1949 exquirendorum
511 1871 673 1929 officiorum
686 1889 786 1947 genus.
913 1878 944 1928 15

148 1971 210 2029 Sed
236 1980 298 2028 toto
325 1970 382 2026 hoe
409 1968 445 2024 de
472 1985 589 2043 genere,
615 1967 651 2022 de
676 1966 839 2040 quaerendd,
860 1966 898 2024 de

107 2067 283 2128 collocandi
301 2065 438 2142 peennirl,
459 2064 548 2120 etium
571 2063 607 2119 de
634 2062 752 2133 utendi,
773 2080 899 2120 eommo-

107 2167 175 2224 dius
202 2184 220 2222 a
245 2162 417 2238 quibusdam
450 2159 568 2235 optimis
601 2159 669 2215 viris
703 2159 738 2215 nd
772 2159 899 2216 medium

107 2263 218 2322 Janum
244 2259 421 2328 sedentibus,
448 2274 535 2332 quam
563 2255 599 2311 ab
626 2254 692 2311 ullis
721 2253 899 2328 philosophis

106 2360 169 2417 ulls
190 2358 220 2415 in
241 2356 351 2426 scholi,
366 2355 535 2430 disputatur.
578 2352 652 2408 Sunt
672 2360 768 2407 tamen
783 2367 818 2406 ea
831 2367 898 2426 eog-
912 2358 944 2408 20

106 2454 274 2514 noscendae
294 2452 440 2528 pertinent
459 2449 538 2507 enim
558 2447 595 2505 nd
614 2446 775 2516 utilitatem,
790 2446 826 2502 de
840 2446 898 2520 qud

107 2555 165 2611 hoe
190 2550 265 2608 libro
292 2549 468 2624 disputatum
495 2556 547 2603 est
602 2542 730 2617 Reliqua
762 2541 898 2618 deinceps

106 2666 321 2726 persequemur.
403 2721 443 2764 a
