2167 3609
112 358 207 418 arn]
401 360 445 406 nu
466 360 610 408 cuncus.
884 351 942 410 201

112 524 194 564 mum
208 507 315 573 mulum
330 507 417 579 dicat,
433 509 507 584 apnd
521 527 588 566 eum
601 526 686 583 quem
700 508 787 567 habet
800 508 896 567 locum

113 603 260 674 fortitudo,
288 623 351 678 quae
381 614 424 660 est
453 605 584 662 dolorum
615 605 801 681 laborumque
830 624 898 663 con-

112 684 253 772 temptiol
298 697 441 759 Quamvis
460 698 538 755 enim
560 699 656 755 multis
676 699 706 756 in
727 699 800 757 locis
821 700 898 757 dicat

112 793 259 868 Epicurus
292 793 382 870 (sicut
415 795 463 854 hlc
497 795 581 873 dicit)
616 795 684 853 satia
718 796 828 853 sortiter
861 797 897 853 de

113 890 228 959 dolore;
251 901 345 947 tamen
366 910 425 962 non
445 893 633 968 spectandum
654 902 707 963 est,
722 892 791 967 quid
809 893 929 964 dicat,5

112 987 163 1043 sed
184 988 252 1061 quid
271 998 497 1045 consentaneum
518 989 556 1045 sit
576 988 602 1045 ei
624 988 731 1062 dicere,
752 989 800 1064 qui
821 990 898 1047 bona

111 1084 256 1159 voluptate
276 1084 479 1155 terminaverit,
494 1085 569 1142 mala
583 1085 698 1142 dolore:
721 1095 762 1156 ut,
777 1084 801 1141 si
816 1084 896 1142 illum

112 1179 226 1237 audiam
248 1181 284 1236 de
304 1180 483 1238 continentia
501 1191 529 1238 et
547 1181 746 1257 temperantib,
761 1180 832 1238 dicit
848 1180 897 1238 ille

111 1276 227 1350 quidem
248 1276 338 1334 multa
357 1277 453 1334 multis
473 1277 562 1335 locis:
586 1279 637 1334 sed
658 1297 732 1352 aqua
752 1278 849 1350 haeret,
864 1287 896 1335 ut

112 1372 208 1430 aiunt:
227 1392 295 1430 nam
310 1372 359 1448 qul
372 1384 466 1449 potest
486 1375 701 1450 temperantium
722 1374 839 1432 laudare
860 1374 894 1446 is,
912 1389 943 1437 10

110 1468 159 1543 qui
180 1479 267 1544 ponat
287 1489 430 1527 summum
451 1471 558 1527 bouum
578 1471 608 1527 in
630 1470 793 1545 voluptatel
842 1470 895 1529 Est

110 1564 189 1621 enim
209 1566 397 1641 temperantia
418 1566 571 1623 libidinum
599 1566 732 1637 inimica;
760 1567 895 1626 libidines

111 1672 208 1718 autem
222 1663 446 1719 consectatrices
459 1662 620 1738 voluptatis.

151 1760 248 1833 Atque
269 1760 298 1816 in
319 1759 363 1816 his
383 1769 478 1817 tamen
493 1760 584 1818 tribus
603 1760 765 1836 generibus,
779 1779 894 1836 quoquo

109 1855 198 1912 modo
233 1864 361 1930 possunt,
397 1874 455 1912 nou
492 1855 627 1913 incallide
663 1856 942 1933 tergiversantur-15

109 1951 295 2009 Prudentiam
320 1951 516 2023 introducunt,
541 1952 690 2009 scientiam
715 1952 905 2027 suppeditan·'

108 2060 168 2105 tem
182 2050 351 2123 voluptates,
368 2047 557 2123 depellentem
579 2047 700 2104 dolores.
742 2048 896 2107 Fortitudi-

108 2163 176 2202 nem
197 2163 311 2220 quoque
333 2144 427 2220 aliquo
454 2144 540 2200 modo
567 2144 732 2218 expediunt,
754 2163 821 2201 cum
841 2156 896 2203 tra·

109 2240 191 2311 dunt,
212 2240 352 2297 rationem
376 2239 555 2315 negligendae
577 2239 686 2309 mortis,
707 2240 896 2315 perpetiendi·

108 2355 165 2410 que
179 2335 291 2393 doloris,
332 2335 428 2392 Etiam
443 2334 660 2409 temperantiam
675 2334 825 2406 inducunt,
837 2354 894 2392 non
909 2347 940 2397 20

19 2436 22 2441 '
110 2431 247 2488 facillime
268 2431 308 2488 illi
327 2431 452 2507 quidem,
474 2431 524 2487 sed
545 2440 640 2487 tamen
667 2449 782 2505 quoquo
808 2430 894 2489 modo
960 2470 963 2474 f

108 2537 245 2603 possunt:
267 2527 367 2583 dicunt
387 2526 475 2597 enim,
493 2526 646 2601 voluptatis
666 2515 894 2603 magnitudinem

110 2622 218 2680 doloris
237 2623 416 2680 detractione
437 2622 520 2680 finiri.
568 2621 686 2679 Justitia
705 2622 828 2693 vacillat,
849 2622 893 2679 vel

106 2717 185 2794 jacet
204 2719 308 2794 potius,
323 2737 478 2793 omnesque
498 2737 539 2776 eae
554 2718 681 2789 virtutes,
697 2738 759 2792 quae
774 2718 803 2775 in
818 2736 894 2775 com·

108 2814 250 2872 munitate
283 2825 449 2886 cernuntur,
483 2824 512 2872 et
545 2814 575 2872 in
609 2814 747 2871 societate
781 2815 894 2891 generis
909 2830 940 2880 25

108 2909 236 2969 humani.
284 2911 389 2986 Neque
409 2912 486 2969 enim
507 2911 631 2982 bonitas,
652 2929 709 2967 nec
729 2910 893 2984 liberalitas,

107 3025 166 3066 nec
180 3008 310 3081 comitas,
320 3026 383 3066 esse
397 3018 498 3084 potest,
509 3027 568 3067 non
581 3008 645 3085 plus
659 3026 743 3082 quam
758 3008 893 3081 amicitia,
