2167 3609
108 370 181 430 na]
408 365 452 413 nn
473 366 619 415 cuncus.
927 358 951 417 9

109 521 362 610 ntrnmqup,certe
375 513 469 571 secuti
483 519 591 573 sumus.
633 512 779 589 Equidem
792 523 822 572 et
841 512 906 573 Pla·

108 619 211 669 tonem
226 610 371 682 existimo,
382 610 407 667 si
421 629 513 688 mnus
523 610 638 669 forense
648 611 767 670 dicendi
780 621 905 669 trectsre

108 707 261 779 voluisset,
275 706 444 783 munimime
463 717 493 764 et
511 708 708 784 copiosissime
721 706 849 784 potuisse
863 708 905 765 di·

7 795 9 812 ³
108 822 198 874 cere3
227 813 256 861 et
275 803 515 876 Demosthenem,
536 803 562 860 si
582 803 642 876 illa,
662 822 725 879 quas
746 822 764 862 a
782 802 905 862 Platone

21 905 25 912 ’
108 901 264 971 didicerat,
285 900 435 973 tenuisset,
448 909 479 958 et
497 900 686 976 pronuntiare
698 901 846 973 voluisset,
858 920 905 961 or·
916 915 935 965 5

108 1007 182 1055 nate
209 995 414 1072 splendideque
441 996 538 1055 facere
558 997 694 1073 potuisse.
736 996 904 1073 Eodemque

110 1092 202 1150 modo
215 1092 251 1148 de
271 1091 429 1150 Aristotele
442 1102 473 1150 et
492 1092 624 1150 Isocrate
641 1092 761 1169 judicc;
783 1111 903 1167 quorum

42 1207 48 1220 ·
110 1198 243 1263 uterque,
263 1207 317 1246 suo
347 1189 444 1248 studio
471 1189 643 1261 delectatus,
664 1189 839 1266 contempsit
865 1190 904 1250 sl·

107 1294 214 1344 terum.

147 1478 188 1537 H.
210 1479 281 1551 Sed,
295 1497 362 1537 cum
384 1479 549 1538 statuissem
570 1479 679 1555 aliquid
699 1480 756 1539 hcc
773 1490 901 1558 tempore
917 1481 949 1533 1⁰

104 1576 145 1634 ad
169 1576 360 1648 rescribere,
384 1586 414 1633 et
434 1577 525 1635 multa
545 1578 677 1652 posthac,
700 1579 736 1636 ab
758 1597 793 1637 eo
812 1578 901 1638 ordiri

104 1672 187 1731 volui
207 1673 341 1745 maxime,
362 1674 438 1749 quod
458 1684 488 1731 et
507 1673 586 1732 artati
610 1685 667 1732 ture
688 1685 764 1732 esset
791 1674 901 1750 aptissi-

104 1788 198 1841 mum,
214 1780 243 1827 et
256 1770 419 1828 auctoritati
433 1789 514 1829 mse.
555 1770 586 1829 N
588 1789 644 1844 am,
659 1789 726 1830 cum
741 1771 831 1829 multa
844 1771 900 1830 sint

105 1866 138 1924 in
157 1866 350 1942 philosophie,
372 1877 401 1925 et
421 1867 519 1945 gravia
538 1877 569 1925 et
588 1868 681 1940 utilia,
697 1877 832 1927 accurate
852 1885 902 1926 co-

103 1953 247 2039 pioseque
258 1963 458 2041 aphiloscphis
469 1965 614 2040 disputata
625 1985 632 2035 ;
653 1964 792 2022 latissime
802 1974 900 2040 patere
916 1968 947 2019 1⁶

104 2059 240 2117 ridentur
264 2078 310 2132 ea,
331 2080 395 2137 quas
418 2062 455 2119 de
477 2062 582 2121 officiis
602 2062 708 2120 tradita
731 2062 767 2119 ab
791 2061 849 2122 illis
871 2070 901 2120 et

105 2166 253 2232 praecepta
274 2166 350 2214 sunt
391 2157 483 2216 Nulla
509 2159 587 2216 enim
611 2158 677 2216 sitae
704 2177 780 2234 pars,
805 2176 900 2231 neque

8 2239 11 2246 ’
104 2252 232 2327 publicis
252 2271 347 2328 neque
366 2254 495 2329 privatis,
509 2272 606 2327 neque
625 2253 788 2310 forensibus
806 2267 899 2326 neque

103 2347 274 2407 domesticis
288 2350 319 2407 in
332 2352 437 2420 rebus3
459 2367 555 2424 neque
576 2349 601 2406 si
621 2358 719 2406 tecum
738 2367 806 2425 apae
820 2348 899 2423 quid,

102 2462 201 2519 neque
216 2446 241 2503 si
256 2464 323 2504 cum
338 2447 428 2505 altero
442 2447 606 2518 contrahas,
620 2464 723 2504 vacare
744 2445 839 2505 officio
851 2465 900 2522 po·
912 2448 945 2499 ω

102 2550 179 2600 test:
209 2542 240 2599 in
262 2561 354 2619 eoque
376 2543 499 2602 colendo
525 2544 581 2602 sita
604 2543 669 2601 vitas
696 2553 740 2602 est
765 2543 899 2603 honestas

102 2637 211 2710 omnis,
225 2648 255 2696 et
269 2640 300 2697 in
313 2639 490 2718 negligendo
503 2640 660 2716 turpitudo.

144 2734 244 2810 Atque
264 2735 328 2794 haec
341 2737 457 2811 quidem
471 2736 591 2813 questio
606 2734 769 2795 communis
782 2745 826 2793 est
838 2753 900 2794 om·

103 2830 186 2889 nium
207 2831 461 2909 philosophorum:
481 2832 547 2907 quis
566 2842 610 2890 est
629 2832 718 2903 enim,
736 2831 797 2906 qui,
811 2832 898 2890 nullis

103 2925 194 2984 officii
207 2929 360 3005 preceptis
370 2929 527 3000 tradendis,
538 2928 739 3005 philosophum
750 2946 782 2985 se
793 2929 898 2986 audeat
910 2936 943 2986 25

105 3022 226 3082 dicerel
247 3024 307 3083 Sed
321 3035 388 3083 sunt
401 3025 549 3083 nonnulle
563 3024 733 3100 disciplinas,
747 3043 822 3099 que,
835 3042 897 3099 pro·

102 3119 208 3198 positis
234 3121 377 3183 bonorum
403 3131 433 3181 et
458 3122 600 3182 malcrum
625 3120 742 3192 finibus,
767 3119 896 3185 officium
