2167 3609
127 351 199 411 ur]
422 350 466 398 ns
487 349 632 398 osricus.
689 320 691 322 ’
926 345 966 405 75

127 497 165 556 In
179 499 340 575 primisque
353 500 511 575 provideat,
526 518 564 557 ne
578 518 672 558 sermo
686 498 787 557 vitium
805 498 920 576 aliquod

130 597 243 653 indicet
257 597 352 653 inesse
367 597 397 652 in
412 598 556 665 moribus3
578 598 655 671 quod
668 598 791 655 maxime
802 609 864 654 tum
877 617 920 656 so-

127 693 170 749 let
180 693 309 763 evenire,
319 711 387 749 cum
398 693 525 749 studiose
537 693 573 749 de
586 694 760 766 absentibus,
770 694 920 752 detrahen-

128 790 159 846 di
174 790 275 859 causei,
289 798 338 845 eut
350 808 401 863 per
412 789 577 860 ridiculum,
590 799 639 846 aut
649 809 756 862 severe,
767 790 917 863 maledice,

128 885 409 959 contumelioseque,
424 885 538 942 dicitur.
930 893 947 944 c

170 981 325 1039 Habentur
348 992 442 1039 autem
463 982 631 1057 plerumque
652 1000 799 1039 sermones
817 992 866 1040 aut
881 982 917 1040 de

126 1078 299 1135 domesticis
319 1077 454 1154 negotiis,
469 1088 518 1135 aut
534 1078 571 1134 de
589 1078 747 1153 republici,
763 1087 812 1135 aut
825 1078 862 1148 de
876 1098 918 1136 ar·

127 1174 203 1231 tium
217 1174 320 1231 studiis
333 1184 417 1248 atque
428 1174 568 1232 doctrinis.
610 1175 716 1232 Danda
729 1175 816 1252 igitur
830 1192 919 1250 opera

126 1280 183 1341 est,
198 1280 240 1342 ut,
255 1270 381 1327 etiamsi
396 1271 528 1328 aberrare
544 1271 579 1329 ad
594 1271 650 1328 ulia
662 1272 791 1346 eruperit,
804 1272 838 1329 ed
853 1271 915 1329 brec

126 1368 391 1426 revoceturoratio.
423 1368 492 1439 Sed,
502 1378 658 1443 utcumque
668 1368 798 1440 aderunt,
808 1366 914 1445 (neque
930 1375 960 1425 10

126 1464 207 1521 enim
222 1482 322 1521 omnes
336 1464 439 1521 iisdem
452 1464 489 1522 de
503 1466 599 1536 rebus,
614 1484 669 1522 nec
683 1465 913 1540 omnitempore,

125 1579 184 1618 nec
204 1559 347 1631 similiter,
362 1560 554 1639 delectamur)
570 1560 851 1618 animadvertendum
872 1568 915 1617 est

125 1657 227 1728 etiam,
239 1668 380 1732 quatenus
394 1675 488 1714 sermo
499 1657 720 1715 delectationem
735 1656 854 1714 habeut:
875 1665 914 1728 et,

125 1762 161 1810 ut
174 1752 333 1828 incipiendi
347 1754 421 1810 ratio
431 1753 526 1826 fuerit,
538 1754 579 1811 ita
592 1753 629 1811 sit
639 1752 789 1811 desinendi
803 1751 913 1810 modus

166 1945 346 2003 XXXVHI.
368 1946 597 2021 Sed,¹quomodo
611 1946 641 2004 iu
655 1947 735 2004 omni
744 1946 803 2003 vita
817 1944 915 2002 rectis·
929 1937 960 2016 15

125 2041 200 2100 sime
221 2041 398 2116 praecipitur,
415 2052 447 2098 ut
466 2043 696 2117 perturbationes
717 2042 870 2118 fugiamus,
884 2040 914 2097 id

125 2147 182 2208 est,
197 2144 293 2193 motus
315 2135 403 2218 animi
427 2136 542 2206 nimios,
563 2136 669 2193 rationi
690 2154 749 2192 non
770 2136 915 2209 obtempe-

126 2243 241 2301 rantes3
258 2231 300 2288 sic
312 2231 453 2307 ejusmodi
465 2232 591 2287 motibus
602 2249 697 2287 sermo
707 2230 794 2287 debet
801 2227 914 2300 vacare,

125 2350 165 2388 ne
184 2338 233 2386 aut
247 2328 290 2385 ira
305 2328 438 2399 exsistat3
461 2338 510 2385 aut
530 2327 673 2403 cupiditas
687 2327 791 2401 aliqua,
808 2335 857 2383 aut
871 2325 913 2400 pi·

125 2427 224 2505 gritia,
250 2413 298 2483 aut
317 2426 441 2503 ignavia,
466 2436 515 2483 aut
538 2426 595 2482 tale
620 2424 737 2499 aliquid,
763 2433 912 2500 appareat:
927 2430 960 2481 w

125 2526 308 2601 maximeque
336 2524 496 2583 curandum
522 2534 576 2595 cst,
600 2532 633 2579 ut
654 2540 714 2594 eos,
742 2523 915 2598 quibuscum

126 2640 291 2679 sermonem
306 2620 491 2692 conferimus,
506 2630 535 2677 et
545 2619 637 2677 vereri
650 2630 679 2676 ct
689 2620 810 2697 diligere
820 2621 915 2678 videa·

127 2736 201 2774 mur.
236 2716 462 2794 Obiurgationes
472 2717 559 2774 etiam
568 2735 773 2792 nonnunquam
782 2717 914 2774 incidunt

128 2814 311 2885 necessarie,
336 2814 366 2871 in
389 2814 492 2889 quibus
513 2813 652 2870 utendum
676 2821 720 2869 est
743 2813 862 2870 sortasse
885 2823 914 2871 et

128 2910 210 2968 vocis
225 2911 412 2967 contentione
425 2910 542 2985 majore,
558 2918 587 2965 et
608 2908 758 2964 verborum
777 2908 915 2985 gravitate
928 2903 960 2954 ἦ

128 3005 252 3064 acriore.
292 3004 329 3063 ld
348 3006 490 3083 agendum
505 3005 606 3075 etiam,
620 3013 653 3060 ut
670 3021 708 3060 ne
721 3022 756 3061 ea
768 3004 864 3062 facere
877 3003 916 3061 ri·

126 3101 252 3161 deamur
266 3102 349 3161 irati:
370 3101 432 3174 sed,
447 3110 479 3160 ut
492 3101 528 3159 ad
542 3099 683 3158 urendum
702 3109 733 3157 et
749 3099 916 3169 secandum,
