2167 3609
162 343 221 415 120'
497 367 541 414 on
563 367 707 414 osricus
808 405 810 409 .
916 367 997 426 [uu

207 516 305 589 velint,
319 535 377 575 non
398 524 479 574 tants
498 516 594 573 studia
614 524 801 590 assequuntur
821 532 921 574 eorum
935 515 995 591 qui·

207 615 260 672 bus
274 615 423 685 dedemnt,
439 623 547 688 quanta
565 613 631 671 odia
651 631 748 670 eorum
762 610 865 687 quibus
883 612 994 671 ademe-

206 722 280 769 runt.
331 710 531 773 Quamobrem
554 728 610 766 nec
634 710 674 767 ita
696 708 858 766 claudenda
881 719 925 766 est
948 728 995 769 res

206 808 363 880 familiaris,
378 818 410 864 ut
424 827 487 865 eam
501 804 664 884 benignitas
684 806 793 882 aperire
812 824 871 863 uon
885 806 993 881 possit3

174 908 262 962 Bnec
282 905 323 962 ita
342 904 504 975 reseranda,
526 913 558 960 ut
576 912 673 978 pateat
692 903 834 959 omuibus.
886 900 993 960 Modus

206 1002 384 1073 adhibeatur,
406 1002 486 1075 isque
507 1000 645 1057 referatur
666 998 701 1056 ad
723 999 882 1055 facultates.
924 998 994 1056 Om-

204 1099 274 1157 nino
302 1098 466 1155 meminisse
498 1098 635 1153 debemus
663 1095 701 1166 id,
729 1096 815 1171 quod,
843 1114 860 1152 a
885 1095 993 1154 nostris

205 1195 367 1252 hominibus
394 1195 551 1269 saepissime
577 1201 755 1267 usurpatum,
786 1192 845 1267 jam
872 1192 902 1249 in
929 1211 994 1268 pro·

204 1291 294 1348 verbii
318 1291 558 1347 consuetudinem
582 1290 669 1360 venit,
695 1289 904 1365 “largitionem
928 1289 993 1347 surr·

159 1388 273 1443 ludum
296 1407 352 1444 non
377 1387 510 1443 habere.'’
554 1386 670 1443 Etenim
691 1385 754 1460 quis
773 1395 867 1460 potest
889 1387 993 1443 modus

204 1503 276 1554 esse,
292 1503 358 1540 cum
373 1494 401 1540 et
415 1484 500 1555 idem,
517 1483 565 1559 qui
587 1482 772 1553 consuerunt,
787 1492 816 1540 et
830 1482 906 1539 idem
922 1483 993 1541 iilud

205 1580 262 1651 alii,
278 1579 460 1637 desiderent?

243 1773 324 1831 XVI.
360 1774 488 1832 Omnino
521 1775 579 1831 duo
606 1784 673 1831 sunt
699 1793 806 1850 genera
834 1774 991 1851 largorum,

203 1888 323 1944 quorum
347 1870 427 1927 alteri
444 1870 568 1946 prodigi,
585 1870 666 1927 alteri
679 1871 819 1927 liberales.
861 1870 991 1947 Prodigi,

156 1977 188 2025 15
203 1966 252 2041 qui
280 1967 380 2041 epulis,
408 1976 437 2022 et
463 1967 712 2036 viscerationibus,
740 1977 769 2023 et
800 1967 992 2042 gladiatorum

202 2064 379 2133 muneribus,
407 2063 536 2120 ludorum
567 2063 808 2137 venationumque
843 2074 991 2138 apparatu,

202 2160 341 2234 pecunias
361 2160 538 2235 profundunt
560 2160 589 2215 in
611 2177 659 2215 eas
680 2178 734 2230 res,
749 2178 869 2234 quarum
884 2179 993 2218 memo·

164 2298 166 2302 -
202 2256 273 2313 riam
296 2267 345 2313 aut
364 2257 488 2326 brevem,
504 2265 553 2312 aut
571 2256 679 2318 nullam
693 2256 820 2326 omnino,
836 2255 894 2314 sint
908 2257 991 2313 relic·

201 2354 267 2409 turi.
317 2353 464 2409 Liberales
479 2362 584 2422 autem,
599 2352 647 2426 qui
662 2352 722 2408 suis
735 2352 920 2410 facultatibus
941 2364 991 2411 aut

155 2454 187 2504 20
203 2459 301 2523 captos
322 2468 339 2503 a
357 2448 540 2522 praedonibus
561 2448 714 2518 redimunt,
735 2457 783 2504 aut
804 2468 842 2505 ses
864 2449 990 2506 alienum

201 2543 364 2617 suscipiunt
379 2543 546 2609 amicorum,
560 2544 608 2600 aut
619 2543 649 2600 in
660 2544 782 2601 filiarum
796 2543 990 2603 collocatione

203 2639 347 2714 adjuvant,
363 2649 411 2695 aut
431 2640 605 2714 opitulantur
627 2639 656 2695 in
674 2641 762 2697 revel
777 2642 988 2716 quaerendtvet

203 2735 342 2810 augendd⁴
384 2735 485 2809 Itaque
499 2736 597 2807 miror,
613 2736 680 2810 quid
696 2736 725 2793 in
740 2747 864 2793 mentem
880 2739 990 2796 venerit

202 2829 412 2906 Theophrasto,
440 2831 470 2889 in
503 2851 539 2890 eo
571 2833 655 2903 libro,
686 2852 771 2907 quem
804 2833 840 2890 de
873 2834 990 2891 Divitiis

155 2930 187 2980 25
203 2925 326 2999 scripsit,
349 2927 377 2982 iu
399 2946 455 3001 quo
475 2928 564 2983 multa
583 2927 734 3002 praeclare3
756 2928 826 2985 illud
849 2930 989 2988 absurde:

202 3031 246 3078 est
269 3021 345 3077 enim
370 3022 476 3079 multus
500 3023 529 3079 in
554 3023 697 3081 laudanda
721 3025 937 3102 magnificentiis
961 3038 991 3084 et
1070 3035 1071 3042 ’

203 3117 387 3194 apparatione
420 3119 600 3194 popularium
632 3139 799 3192 munerum3
833 3122 992 3199 taliumque
