<?xml version="1.0" encoding="UTF-8"?>
<!DOCTYPE html PUBLIC "-//W3C//DTD XHTML 1.0 Transitional//EN"
    "http://www.w3.org/TR/xhtml1/DTD/xhtml1-transitional.dtd">
<html xmlns="http://www.w3.org/1999/xhtml" xml:lang="en" lang="en">
 <head>
  <title>
</title>
<meta http-equiv="Content-Type" content="text/html;charset=utf-8" />
  <meta name='ocr-system' content='tesseract 3.04.00' />
  <meta name='ocr-capabilities' content='ocr_page ocr_carea ocr_par ocr_line ocrx_word'/>
</head>
<body>
  <div class='ocr_page' id='page_1' title='image "./mtciceronisdeof01dillgoog/mtciceronisdeof01dillgoog_0118.png"; bbox 0 0 2167 3609; ppageno 0'>
   <div class='ocr_carea' id='block_1_1' title="bbox 142 349 978 415">
    <p class='ocr_par' dir='ltr' id='par_1_1' title="bbox 142 349 978 415">
     <span class='ocr_line' id='line_1_1' title="bbox 142 349 978 415; baseline -0.008 -6"><span class='ocrx_word' id='word_1_1' title='bbox 142 349 200 410; x_wconf 75' lang='lat'>112</span> <span class='ocrx_word' id='word_1_2' title='bbox 481 358 525 404; x_wconf 83' lang='lat' dir='ltr'>nr:</span> <span class='ocrx_word' id='word_1_3' title='bbox 547 357 692 404; x_wconf 78' lang='lat' dir='ltr'>ornem.</span> <span class='ocrx_word' id='word_1_4' title='bbox 892 356 934 415; x_wconf 81' lang='lat' dir='ltr'>[u.</span> <span class='ocrx_word' id='word_1_5' title='bbox 944 355 978 402; x_wconf 89' lang='lat'>11.</span> 
     </span>
    </p>
   </div>
   <div class='ocr_carea' id='block_1_2' title="bbox 139 506 979 3089">
    <p class='ocr_par' dir='ltr' id='par_1_2' title="bbox 186 506 979 875">
     <span class='ocr_line' id='line_1_2' title="bbox 225 506 978 585; baseline 0 -19"><span class='ocrx_word' id='word_1_6' title='bbox 225 508 294 566; x_wconf 89' lang='lat' dir='ltr'>XII.</span> <span class='ocrx_word' id='word_1_7' title='bbox 323 508 398 567; x_wconf 87' lang='lat' dir='ltr'>Mihr</span> <span class='ocrx_word' id='word_1_8' title='bbox 417 508 545 585; x_wconf 88' lang='lat' dir='ltr'>quidem,</span> <span class='ocrx_word' id='word_1_9' title='bbox 566 527 625 566; x_wconf 89' lang='lat' dir='ltr'>non</span> <span class='ocrx_word' id='word_1_10' title='bbox 646 508 721 584; x_wconf 82' lang='lat' dir='ltr'>apud</span> <span class='ocrx_word' id='word_1_11' title='bbox 745 506 850 565; x_wconf 83' lang='lat' dir='ltr'>Medos</span> <span class='ocrx_word' id='word_1_12' title='bbox 870 507 978 578; x_wconf 82' lang='lat' dir='ltr'>solum,</span> 
     </span>
     <span class='ocr_line' id='line_1_3' title="bbox 186 604 979 680; baseline -0.008 -15"><span class='ocrx_word' id='word_1_13' title='bbox 186 615 219 666; x_wconf 83' lang='lat' dir='ltr'>ut</span> <span class='ocrx_word' id='word_1_14' title='bbox 240 606 279 663; x_wconf 81' lang='lat' dir='ltr'>ait</span> <span class='ocrx_word' id='word_1_15' title='bbox 298 606 473 677; x_wconf 86' lang='lat' dir='ltr'>Herodotus,</span> <span class='ocrx_word' id='word_1_16' title='bbox 495 606 546 662; x_wconf 88' lang='lat' dir='ltr'>sed</span> <span class='ocrx_word' id='word_1_17' title='bbox 566 606 653 664; x_wconf 84' lang='lat' dir='ltr'>etiam</span> <span class='ocrx_word' id='word_1_18' title='bbox 675 604 750 680; x_wconf 77' lang='lat' dir='ltr'>apud</span> <span class='ocrx_word' id='word_1_19' title='bbox 770 605 893 680; x_wconf 81' lang='lat' dir='ltr'>majores</span> <span class='ocrx_word' id='word_1_20' title='bbox 910 622 979 660; x_wconf 84' lang='lat' dir='ltr'>nos·</span> 
     </span>
     <span class='ocr_line' id='line_1_4' title="bbox 187 700 978 777; baseline -0.001 -19"><span class='ocrx_word' id='word_1_21' title='bbox 187 712 256 773; x_wconf 87' lang='lat' dir='ltr'>tros,</span> <span class='ocrx_word' id='word_1_22' title='bbox 268 702 385 777; x_wconf 73' lang='lat' dir='ltr'>justitiae</span> <span class='ocrx_word' id='word_1_23' title='bbox 406 701 533 759; x_wconf 83' lang='lat' dir='ltr'>fruendae</span> <span class='ocrx_word' id='word_1_24' title='bbox 556 701 643 758; x_wconf 71' lang='lat' dir='ltr'>causti</span> <span class='ocrx_word' id='word_1_25' title='bbox 665 701 796 759; x_wconf 87' lang='lat' dir='ltr'>videntur</span> <span class='ocrx_word' id='word_1_26' title='bbox 817 700 886 757; x_wconf 90' lang='lat' dir='ltr'>olim</span> <span class='ocrx_word' id='word_1_27' title='bbox 901 701 978 757; x_wconf 88' lang='lat' dir='ltr'>bene</span> 
     </span>
     <span class='ocr_line' id='line_1_5' title="bbox 186 798 977 875; baseline -0.004 -20"><span class='ocrx_word' id='word_1_28' title='bbox 186 800 291 856; x_wconf 80' lang='lat' dir='ltr'>morati</span> <span class='ocrx_word' id='word_1_29' title='bbox 310 818 392 875; x_wconf 82' lang='lat' dir='ltr'>reges</span> <span class='ocrx_word' id='word_1_30' title='bbox 413 798 570 856; x_wconf 80' lang='lat' dir='ltr'>constituti.</span> <span class='ocrx_word' id='word_1_31' title='bbox 612 798 700 869; x_wconf 80' lang='lat' dir='ltr'>Nam,</span> <span class='ocrx_word' id='word_1_32' title='bbox 715 816 781 854; x_wconf 84' lang='lat' dir='ltr'>eum</span> <span class='ocrx_word' id='word_1_33' title='bbox 797 807 977 871; x_wconf 83' lang='lat' dir='ltr'>premeretur</span> 
     </span>
    </p>

    <p class='ocr_par' dir='ltr' id='par_1_3' title="bbox 155 893 979 1356">
     <span class='ocr_line' id='line_1_6' title="bbox 155 893 979 970; baseline -0.004 -18"><span class='ocrx_word' id='word_1_34' title='bbox 155 895 270 970; x_wconf 65' lang='lat' dir='ltr'>§inops</span> <span class='ocrx_word' id='word_1_35' title='bbox 290 896 445 953; x_wconf 87' lang='lat' dir='ltr'>multitudo</span> <span class='ocrx_word' id='word_1_36' title='bbox 466 897 502 952; x_wconf 78' lang='lat' dir='ltr'>ab</span> <span class='ocrx_word' id='word_1_37' title='bbox 522 895 558 951; x_wconf 83' lang='lat' dir='ltr'>iis</span> <span class='ocrx_word' id='word_1_38' title='bbox 578 894 627 969; x_wconf 90' lang='lat' dir='ltr'>qui</span> <span class='ocrx_word' id='word_1_39' title='bbox 650 894 772 968; x_wconf 86' lang='lat' dir='ltr'>majores</span> <span class='ocrx_word' id='word_1_40' title='bbox 795 912 865 967; x_wconf 81' lang='lat' dir='ltr'>opes</span> <span class='ocrx_word' id='word_1_41' title='bbox 890 893 979 949; x_wconf 81' lang='lat' dir='ltr'>habe·</span> 
     </span>
     <span class='ocr_line' id='line_1_7' title="bbox 187 989 978 1068; baseline -0.005 -19"><span class='ocrx_word' id='word_1_42' title='bbox 187 992 266 1063; x_wconf 85' lang='lat' dir='ltr'>baut,</span> <span class='ocrx_word' id='word_1_43' title='bbox 294 994 330 1051; x_wconf 78' lang='lat' dir='ltr'>ed</span> <span class='ocrx_word' id='word_1_44' title='bbox 357 1011 446 1050; x_wconf 89' lang='lat' dir='ltr'>unum</span> <span class='ocrx_word' id='word_1_45' title='bbox 478 992 600 1068; x_wconf 80' lang='lat' dir='ltr'>aliquem</span> <span class='ocrx_word' id='word_1_46' title='bbox 628 990 841 1066; x_wconf 79' lang='lat' dir='ltr'>confugiebant,</span> <span class='ocrx_word' id='word_1_47' title='bbox 870 989 978 1046; x_wconf 84' lang='lat' dir='ltr'>virtute</span> 
     </span>
     <span class='ocr_line' id='line_1_8' title="bbox 186 1085 979 1164; baseline -0.004 -19"><span class='ocrx_word' id='word_1_48' title='bbox 186 1098 385 1163; x_wconf 62' lang='lat' dir='ltr'>prestantem</span> <span class='ocrx_word' id='word_1_49' title='bbox 407 1088 465 1164; x_wconf 89' lang='lat' dir='ltr'>qui,</span> <span class='ocrx_word' id='word_1_50' title='bbox 480 1107 546 1145; x_wconf 85' lang='lat' dir='ltr'>eum</span> <span class='ocrx_word' id='word_1_51' title='bbox 566 1087 731 1162; x_wconf 86' lang='lat' dir='ltr'>prohiberet</span> <span class='ocrx_word' id='word_1_52' title='bbox 747 1085 851 1161; x_wconf 64' lang='lat' dir='ltr'>injurii</span> <span class='ocrx_word' id='word_1_53' title='bbox 865 1085 979 1142; x_wconf 86' lang='lat' dir='ltr'>tenuio-</span> 
     </span>
     <span class='ocr_line' id='line_1_9' title="bbox 186 1181 979 1258; baseline -0.005 -16"><span class='ocrx_word' id='word_1_54' title='bbox 186 1201 243 1255; x_wconf 91' lang='lat' dir='ltr'>res,</span> <span class='ocrx_word' id='word_1_55' title='bbox 260 1186 393 1258; x_wconf 71' lang='lat' dir='ltr'>{equitate</span> <span class='ocrx_word' id='word_1_56' title='bbox 414 1184 615 1242; x_wconf 70' lang='lat' dir='ltr'>constituendi</span> <span class='ocrx_word' id='word_1_57' title='bbox 635 1201 761 1240; x_wconf 85' lang='lat' dir='ltr'>summos</span> <span class='ocrx_word' id='word_1_58' title='bbox 781 1201 848 1239; x_wconf 82' lang='lat' dir='ltr'>cum</span> <span class='ocrx_word' id='word_1_59' title='bbox 868 1181 979 1239; x_wconf 84' lang='lat' dir='ltr'>infimis</span> 
     </span>
     <span class='ocr_line' id='line_1_10' title="bbox 185 1278 977 1356; baseline -0.004 -19"><span class='ocrx_word' id='word_1_60' title='bbox 185 1280 248 1356; x_wconf 87' lang='lat' dir='ltr'>peri</span> <span class='ocrx_word' id='word_1_61' title='bbox 259 1280 324 1355; x_wconf 89' lang='lat' dir='ltr'>jure</span> <span class='ocrx_word' id='word_1_62' title='bbox 336 1280 486 1337; x_wconf 84' lang='lat' dir='ltr'>retinebat.</span> <span class='ocrx_word' id='word_1_63' title='bbox 528 1280 695 1355; x_wconf 83' lang='lat' dir='ltr'>Eademque</span> <span class='ocrx_word' id='word_1_64' title='bbox 708 1278 977 1336; x_wconf 74' lang='lat' dir='ltr'>constituendarum</span> 
     </span>
    </p>

    <p class='ocr_par' dir='ltr' id='par_1_4' title="bbox 141 1375 978 1837">
     <span class='ocr_line' id='line_1_11' title="bbox 141 1375 977 1453; baseline -0.002 -20"><span class='ocrx_word' id='word_1_65' title='bbox 141 1383 172 1433; x_wconf 89' lang='lat'>10</span> <span class='ocrx_word' id='word_1_66' title='bbox 186 1376 284 1452; x_wconf 80' lang='lat' dir='ltr'>legum</span> <span class='ocrx_word' id='word_1_67' title='bbox 298 1375 352 1433; x_wconf 83' lang='lat' dir='ltr'>fuit</span> <span class='ocrx_word' id='word_1_68' title='bbox 366 1395 463 1447; x_wconf 83' lang='lat' dir='ltr'>eausa,</span> <span class='ocrx_word' id='word_1_69' title='bbox 477 1396 541 1450; x_wconf 82' lang='lat' dir='ltr'>quae</span> <span class='ocrx_word' id='word_1_70' title='bbox 555 1396 663 1453; x_wconf 83' lang='lat' dir='ltr'>regum.</span> <span class='ocrx_word' id='word_1_71' title='bbox 705 1375 758 1433; x_wconf 84' lang='lat' dir='ltr'>Jus</span> <span class='ocrx_word' id='word_1_72' title='bbox 772 1375 849 1433; x_wconf 89' lang='lat' dir='ltr'>enim</span> <span class='ocrx_word' id='word_1_73' title='bbox 863 1393 977 1450; x_wconf 84' lang='lat' dir='ltr'>semper</span> 
     </span>
     <span class='ocr_line' id='line_1_12' title="bbox 186 1471 978 1548; baseline -0.001 -19"><span class='ocrx_word' id='word_1_74' title='bbox 186 1471 336 1548; x_wconf 65' lang='lat' dir='ltr'>quaesitum</span> <span class='ocrx_word' id='word_1_75' title='bbox 357 1482 401 1529; x_wconf 86' lang='lat' dir='ltr'>est</span> <span class='ocrx_word' id='word_1_76' title='bbox 420 1474 576 1547; x_wconf 81' lang='lat' dir='ltr'>aequabiie:</span> <span class='ocrx_word' id='word_1_77' title='bbox 598 1473 784 1547; x_wconf 86' lang='lat' dir='ltr'>nequeenim</span> <span class='ocrx_word' id='word_1_78' title='bbox 799 1471 880 1530; x_wconf 83' lang='lat' dir='ltr'>aliter</span> <span class='ocrx_word' id='word_1_79' title='bbox 900 1480 978 1528; x_wconf 79' lang='lat' dir='ltr'>esset</span> 
     </span>
     <span class='ocr_line' id='line_1_13' title="bbox 183 1569 978 1645; baseline -0.003 -20"><span class='ocrx_word' id='word_1_80' title='bbox 183 1569 239 1645; x_wconf 87' lang='lat' dir='ltr'>jus.</span> <span class='ocrx_word' id='word_1_81' title='bbox 280 1569 316 1626; x_wconf 85' lang='lat' dir='ltr'>Id</span> <span class='ocrx_word' id='word_1_82' title='bbox 329 1569 354 1625; x_wconf 81' lang='lat' dir='ltr'>si</span> <span class='ocrx_word' id='word_1_83' title='bbox 369 1570 405 1626; x_wconf 81' lang='lat' dir='ltr'>ab</span> <span class='ocrx_word' id='word_1_84' title='bbox 419 1588 478 1626; x_wconf 89' lang='lat' dir='ltr'>uno</span> <span class='ocrx_word' id='word_1_85' title='bbox 495 1570 574 1645; x_wconf 86' lang='lat' dir='ltr'>justo</span> <span class='ocrx_word' id='word_1_86' title='bbox 593 1580 623 1627; x_wconf 90' lang='lat' dir='ltr'>et</span> <span class='ocrx_word' id='word_1_87' title='bbox 642 1570 720 1626; x_wconf 80' lang='lat' dir='ltr'>bono</span> <span class='ocrx_word' id='word_1_88' title='bbox 740 1569 800 1626; x_wconf 88' lang='lat' dir='ltr'>viro</span> <span class='ocrx_word' id='word_1_89' title='bbox 820 1586 978 1642; x_wconf 79' lang='lat' dir='ltr'>conseque-</span> 
     </span>
     <span class='ocr_line' id='line_1_14' title="bbox 187 1664 978 1737; baseline -0.003 -15"><span class='ocrx_word' id='word_1_90' title='bbox 187 1665 301 1737; x_wconf 81' lang='lat' dir='ltr'>bantur,</span> <span class='ocrx_word' id='word_1_91' title='bbox 315 1683 351 1722; x_wconf 88' lang='lat' dir='ltr'>eo</span> <span class='ocrx_word' id='word_1_92' title='bbox 364 1674 446 1722; x_wconf 81' lang='lat' dir='ltr'>erant</span> <span class='ocrx_word' id='word_1_93' title='bbox 462 1666 623 1725; x_wconf 74' lang='lat' dir='ltr'>eontenti-</span> <span class='ocrx_word' id='word_1_94' title='bbox 645 1665 720 1722; x_wconf 86' lang='lat' dir='ltr'>Cum</span> <span class='ocrx_word' id='word_1_95' title='bbox 741 1664 771 1722; x_wconf 90' lang='lat' dir='ltr'>id</span> <span class='ocrx_word' id='word_1_96' title='bbox 791 1665 887 1721; x_wconf 83' lang='lat' dir='ltr'>minus</span> <span class='ocrx_word' id='word_1_97' title='bbox 907 1682 978 1721; x_wconf 85' lang='lat' dir='ltr'>eon·</span> 
     </span>
     <span class='ocr_line' id='line_1_15' title="bbox 186 1760 977 1837; baseline -0.001 -20"><span class='ocrx_word' id='word_1_98' title='bbox 186 1760 320 1837; x_wconf 84' lang='lat' dir='ltr'>tingeret,</span> <span class='ocrx_word' id='word_1_99' title='bbox 334 1760 414 1837; x_wconf 85' lang='lat' dir='ltr'>leges</span> <span class='ocrx_word' id='word_1_100' title='bbox 434 1771 501 1818; x_wconf 84' lang='lat' dir='ltr'>sunt</span> <span class='ocrx_word' id='word_1_101' title='bbox 521 1762 656 1832; x_wconf 75' lang='lat' dir='ltr'>invente,</span> <span class='ocrx_word' id='word_1_102' title='bbox 670 1781 732 1836; x_wconf 79' lang='lat' dir='ltr'>quae</span> <span class='ocrx_word' id='word_1_103' title='bbox 753 1780 818 1820; x_wconf 84' lang='lat' dir='ltr'>eum</span> <span class='ocrx_word' id='word_1_104' title='bbox 841 1760 977 1818; x_wconf 80' lang='lat' dir='ltr'>omnibus</span> 
     </span>
    </p>

    <p class='ocr_par' dir='ltr' id='par_1_5' title="bbox 140 1857 977 2320">
     <span class='ocr_line' id='line_1_16' title="bbox 140 1857 974 1932; baseline 0.005 -23"><span class='ocrx_word' id='word_1_105' title='bbox 140 1859 172 1909; x_wconf 87' lang='lat'>15</span> <span class='ocrx_word' id='word_1_106' title='bbox 187 1874 299 1932; x_wconf 83' lang='lat' dir='ltr'>semper</span> <span class='ocrx_word' id='word_1_107' title='bbox 332 1858 390 1915; x_wconf 64' lang='lat' dir='ltr'>uni</span> <span class='ocrx_word' id='word_1_108' title='bbox 424 1867 509 1931; x_wconf 81' lang='lat' dir='ltr'>utque</span> <span class='ocrx_word' id='word_1_109' title='bbox 540 1858 644 1914; x_wconf 65' lang='lat' dir='ltr'>eidem</span> <span class='ocrx_word' id='word_1_110' title='bbox 676 1876 748 1915; x_wconf 82' lang='lat' dir='ltr'>voce</span> <span class='ocrx_word' id='word_1_111' title='bbox 779 1857 974 1932; x_wconf 88' lang='lat' dir='ltr'>loquerentur.</span> 
     </span>
     <span class='ocr_line' id='line_1_17' title="bbox 187 1953 977 2031; baseline -0.001 -20"><span class='ocrx_word' id='word_1_112' title='bbox 187 1953 266 2031; x_wconf 81' lang='lat' dir='ltr'>Ergo</span> <span class='ocrx_word' id='word_1_113' title='bbox 285 1954 342 2012; x_wconf 82' lang='lat' dir='ltr'>boe</span> <span class='ocrx_word' id='word_1_114' title='bbox 361 1954 477 2029; x_wconf 89' lang='lat' dir='ltr'>quidem</span> <span class='ocrx_word' id='word_1_115' title='bbox 496 1955 679 2031; x_wconf 80' lang='lat' dir='ltr'>perspicuum</span> <span class='ocrx_word' id='word_1_116' title='bbox 701 1964 754 2025; x_wconf 86' lang='lat' dir='ltr'>est,</span> <span class='ocrx_word' id='word_1_117' title='bbox 769 1973 819 2012; x_wconf 86' lang='lat' dir='ltr'>eos</span> <span class='ocrx_word' id='word_1_118' title='bbox 838 1954 873 2011; x_wconf 83' lang='lat' dir='ltr'>ad</span> <span class='ocrx_word' id='word_1_119' title='bbox 888 1954 977 2029; x_wconf 86' lang='lat' dir='ltr'>impe·</span> 
     </span>
     <span class='ocr_line' id='line_1_18' title="bbox 187 2050 976 2128; baseline 0 -21"><span class='ocrx_word' id='word_1_120' title='bbox 187 2050 308 2107; x_wconf 77' lang='lat' dir='ltr'>randum</span> <span class='ocrx_word' id='word_1_121' title='bbox 330 2051 417 2128; x_wconf 87' lang='lat' dir='ltr'>deligi</span> <span class='ocrx_word' id='word_1_122' title='bbox 438 2051 548 2121; x_wconf 84' lang='lat' dir='ltr'>solitos,</span> <span class='ocrx_word' id='word_1_123' title='bbox 563 2070 685 2125; x_wconf 88' lang='lat' dir='ltr'>quorum</span> <span class='ocrx_word' id='word_1_124' title='bbox 699 2052 734 2110; x_wconf 89' lang='lat' dir='ltr'>de</span> <span class='ocrx_word' id='word_1_125' title='bbox 746 2050 856 2127; x_wconf 58' lang='lat' dir='ltr'>justitie</span> <span class='ocrx_word' id='word_1_126' title='bbox 871 2069 976 2127; x_wconf 74' lang='lat' dir='ltr'>magna</span> 
     </span>
     <span class='ocr_line' id='line_1_19' title="bbox 186 2148 976 2224; baseline 0 -20"><span class='ocrx_word' id='word_1_127' title='bbox 186 2157 264 2205; x_wconf 82' lang='lat' dir='ltr'>esset</span> <span class='ocrx_word' id='word_1_128' title='bbox 289 2148 387 2223; x_wconf 88' lang='lat' dir='ltr'>opinio</span> <span class='ocrx_word' id='word_1_129' title='bbox 413 2148 614 2205; x_wconf 90' lang='lat' dir='ltr'>multitudinis.</span> <span class='ocrx_word' id='word_1_130' title='bbox 665 2148 814 2224; x_wconf 80' lang='lat' dir='ltr'>Adjuneto</span> <span class='ocrx_word' id='word_1_131' title='bbox 839 2166 915 2218; x_wconf 87' lang='lat' dir='ltr'>vero,</span> <span class='ocrx_word' id='word_1_132' title='bbox 943 2157 976 2204; x_wconf 85' lang='lat' dir='ltr'>ut</span> 
     </span>
     <span class='ocr_line' id='line_1_20' title="bbox 188 2244 974 2320; baseline -0.001 -19"><span class='ocrx_word' id='word_1_133' title='bbox 188 2244 276 2302; x_wconf 90' lang='lat' dir='ltr'>iidem</span> <span class='ocrx_word' id='word_1_134' title='bbox 302 2244 389 2302; x_wconf 86' lang='lat' dir='ltr'>etiam</span> <span class='ocrx_word' id='word_1_135' title='bbox 415 2246 571 2320; x_wconf 86' lang='lat' dir='ltr'>prudentes</span> <span class='ocrx_word' id='word_1_136' title='bbox 598 2245 780 2313; x_wconf 86' lang='lat' dir='ltr'>haberentur,</span> <span class='ocrx_word' id='word_1_137' title='bbox 805 2244 876 2301; x_wconf 85' lang='lat' dir='ltr'>nihii</span> <span class='ocrx_word' id='word_1_138' title='bbox 903 2254 974 2315; x_wconf 84' lang='lat' dir='ltr'>erat,</span> 
     </span>
    </p>

    <p class='ocr_par' dir='ltr' id='par_1_6' title="bbox 139 2340 976 2802">
     <span class='ocr_line' id='line_1_21' title="bbox 139 2340 974 2418; baseline -0.004 -18"><span class='ocrx_word' id='word_1_139' title='bbox 139 2349 172 2400; x_wconf 54' lang='grc' dir='ltr'>ἃ)</span> <span class='ocrx_word' id='word_1_140' title='bbox 187 2342 263 2418; x_wconf 85' lang='lat' dir='ltr'>quod</span> <span class='ocrx_word' id='word_1_141' title='bbox 278 2342 409 2400; x_wconf 82' lang='lat' dir='ltr'>homines</span> <span class='ocrx_word' id='word_1_142' title='bbox 422 2343 467 2399; x_wconf 84' lang='lat' dir='ltr'>his</span> <span class='ocrx_word' id='word_1_143' title='bbox 481 2342 647 2399; x_wconf 79' lang='lat' dir='ltr'>auctoribus</span> <span class='ocrx_word' id='word_1_144' title='bbox 660 2360 719 2398; x_wconf 89' lang='lat' dir='ltr'>non</span> <span class='ocrx_word' id='word_1_145' title='bbox 737 2360 822 2415; x_wconf 76' lang='lat' dir='ltr'>posse</span> <span class='ocrx_word' id='word_1_146' title='bbox 835 2340 974 2414; x_wconf 76' lang='lat' dir='ltr'>consequi</span> 
     </span>
     <span class='ocr_line' id='line_1_22' title="bbox 187 2437 976 2513; baseline -0.003 -17"><span class='ocrx_word' id='word_1_147' title='bbox 187 2458 219 2496; x_wconf 82' lang='lat' dir='ltr'>se</span> <span class='ocrx_word' id='word_1_148' title='bbox 240 2439 452 2496; x_wconf 82' lang='lat' dir='ltr'>arbitrarentur.</span> <span class='ocrx_word' id='word_1_149' title='bbox 499 2437 589 2495; x_wconf 89' lang='lat' dir='ltr'>Omni</span> <span class='ocrx_word' id='word_1_150' title='bbox 610 2438 696 2513; x_wconf 84' lang='lat' dir='ltr'>igitur</span> <span class='ocrx_word' id='word_1_151' title='bbox 718 2437 830 2496; x_wconf 86' lang='lat' dir='ltr'>ratione</span> <span class='ocrx_word' id='word_1_152' title='bbox 852 2437 976 2494; x_wconf 70' lang='lat' dir='ltr'>colenda</span> 
     </span>
     <span class='ocr_line' id='line_1_23' title="bbox 186 2533 975 2609; baseline -0.001 -18"><span class='ocrx_word' id='word_1_153' title='bbox 186 2544 216 2591; x_wconf 91' lang='lat' dir='ltr'>et</span> <span class='ocrx_word' id='word_1_154' title='bbox 236 2533 386 2592; x_wconf 84' lang='lat' dir='ltr'>retinenda</span> <span class='ocrx_word' id='word_1_155' title='bbox 407 2534 518 2609; x_wconf 80' lang='lat' dir='ltr'>justitia</span> <span class='ocrx_word' id='word_1_156' title='bbox 538 2544 592 2605; x_wconf 83' lang='lat' dir='ltr'>est,</span> <span class='ocrx_word' id='word_1_157' title='bbox 613 2546 673 2592; x_wconf 91' lang='lat' dir='ltr'>tum</span> <span class='ocrx_word' id='word_1_158' title='bbox 695 2534 757 2609; x_wconf 79' lang='lat' dir='ltr'>ipse</span> <span class='ocrx_word' id='word_1_159' title='bbox 775 2543 891 2609; x_wconf 88' lang='lat' dir='ltr'>propter</span> <span class='ocrx_word' id='word_1_160' title='bbox 911 2551 975 2590; x_wconf 76' lang='lat' dir='ltr'>sese</span> 
     </span>
     <span class='ocr_line' id='line_1_24' title="bbox 188 2613 974 2708; baseline 0 -23"><span class='ocrx_word' id='word_1_161' title='bbox 188 2627 269 2706; x_wconf 85' lang='lat' dir='ltr'>(nam</span> <span class='ocrx_word' id='word_1_162' title='bbox 297 2613 378 2686; x_wconf 82' lang='lat' dir='ltr'>aliter</span> <span class='ocrx_word' id='word_1_163' title='bbox 408 2628 519 2704; x_wconf 83' lang='lat' dir='ltr'>justitia</span> <span class='ocrx_word' id='word_1_164' title='bbox 544 2648 603 2688; x_wconf 84' lang='lat' dir='ltr'>nou</span> <span class='ocrx_word' id='word_1_165' title='bbox 637 2632 737 2708; x_wconf 80' lang='lat' dir='ltr'>esset),</span> <span class='ocrx_word' id='word_1_166' title='bbox 764 2640 826 2686; x_wconf 89' lang='lat' dir='ltr'>tum</span> <span class='ocrx_word' id='word_1_167' title='bbox 858 2639 974 2704; x_wconf 79' lang='lat' dir='ltr'>propter</span> 
     </span>
     <span class='ocr_line' id='line_1_25' title="bbox 186 2723 974 2802; baseline 0 -21"><span class='ocrx_word' id='word_1_168' title='bbox 186 2723 439 2799; x_wconf 70' lang='lat' dir='ltr'>amplificationem</span> <span class='ocrx_word' id='word_1_169' title='bbox 473 2726 590 2784; x_wconf 87' lang='lat' dir='ltr'>honoris</span> <span class='ocrx_word' id='word_1_170' title='bbox 623 2736 653 2783; x_wconf 88' lang='lat' dir='ltr'>et</span> <span class='ocrx_word' id='word_1_171' title='bbox 687 2725 795 2802; x_wconf 79' lang='lat' dir='ltr'>glorie.</span> <span class='ocrx_word' id='word_1_172' title='bbox 846 2725 915 2792; x_wconf 81' lang='lat' dir='ltr'>Sed,</span> <span class='ocrx_word' id='word_1_173' title='bbox 942 2734 974 2782; x_wconf 91' lang='lat' dir='ltr'>ut</span> 
     </span>
    </p>

    <p class='ocr_par' dir='ltr' id='par_1_7' title="bbox 139 2820 976 3089">
     <span class='ocr_line' id='line_1_26' title="bbox 139 2820 973 2897; baseline -0.001 -19"><span class='ocrx_word' id='word_1_174' title='bbox 139 2839 171 2891; x_wconf 52' lang='grc' dir='ltr'><strong><em>ἦ</em></strong></span> <span class='ocrx_word' id='word_1_175' title='bbox 186 2820 318 2896; x_wconf 72' lang='lat' dir='ltr'>pecunie</span> <span class='ocrx_word' id='word_1_176' title='bbox 344 2839 404 2878; x_wconf 88' lang='lat' dir='ltr'>nun</span> <span class='ocrx_word' id='word_1_177' title='bbox 429 2823 591 2897; x_wconf 71' lang='lat' dir='ltr'>querende</span> <span class='ocrx_word' id='word_1_178' title='bbox 621 2823 713 2880; x_wconf 82' lang='lat' dir='ltr'>solum</span> <span class='ocrx_word' id='word_1_179' title='bbox 741 2822 815 2880; x_wconf 85' lang='lat' dir='ltr'>ratio</span> <span class='ocrx_word' id='word_1_180' title='bbox 841 2830 895 2892; x_wconf 86' lang='lat' dir='ltr'>est,</span> <span class='ocrx_word' id='word_1_181' title='bbox 923 2821 973 2878; x_wconf 82' lang='lat' dir='ltr'>sed</span> 
     </span>
     <span class='ocr_line' id='line_1_27' title="bbox 187 2914 974 2995; baseline 0.001 -22"><span class='ocrx_word' id='word_1_182' title='bbox 187 2914 274 2973; x_wconf 77' lang='lat' dir='ltr'>etium</span> <span class='ocrx_word' id='word_1_183' title='bbox 295 2915 480 2989; x_wconf 79' lang='lat' dir='ltr'>eolloeaudae,</span> <span class='ocrx_word' id='word_1_184' title='bbox 502 2937 566 2992; x_wconf 82' lang='lat' dir='ltr'>quae</span> <span class='ocrx_word' id='word_1_185' title='bbox 585 2929 737 2995; x_wconf 76' lang='lat' dir='ltr'>perpetuos</span> <span class='ocrx_word' id='word_1_186' title='bbox 761 2927 890 2995; x_wconf 75' lang='lat' dir='ltr'>sumptus</span> <span class='ocrx_word' id='word_1_187' title='bbox 909 2935 974 2992; x_wconf 78' lang='lat' dir='ltr'>sup-</span> 
     </span>
     <span class='ocr_line' id='line_1_28' title="bbox 186 3010 976 3089; baseline 0.004 -20"><span class='ocrx_word' id='word_1_188' title='bbox 186 3010 305 3089; x_wconf 86' lang='lat' dir='ltr'>peditet,</span> <span class='ocrx_word' id='word_1_189' title='bbox 319 3030 375 3071; x_wconf 82' lang='lat' dir='ltr'>nee</span> <span class='ocrx_word' id='word_1_190' title='bbox 387 3014 480 3073; x_wconf 82' lang='lat' dir='ltr'>solum</span> <span class='ocrx_word' id='word_1_191' title='bbox 500 3016 690 3088; x_wconf 70' lang='lat' dir='ltr'>necessarius,</span> <span class='ocrx_word' id='word_1_192' title='bbox 704 3016 756 3073; x_wconf 78' lang='lat' dir='ltr'>sed</span> <span class='ocrx_word' id='word_1_193' title='bbox 770 3015 857 3074; x_wconf 76' lang='lat' dir='ltr'>etium</span> <span class='ocrx_word' id='word_1_194' title='bbox 871 3013 976 3072; x_wconf 80' lang='lat' dir='ltr'>libem·</span> 
     </span>
    </p>
   </div>
   <div class='ocr_carea' id='block_1_3' title="bbox 0 0 1088 3609">
    <p class='ocr_par' dir='ltr' id='par_1_8' title="bbox 0 0 1088 3609">
     <span class='ocr_line' id='line_1_29' title="bbox 0 0 1088 3609; baseline 0 1"><span class='ocrx_word' id='word_1_195' title='bbox 0 0 1088 3609; x_wconf 95' lang='lat' dir='ltr'> </span> 
     </span>
    </p>
   </div>
  </div>
 </body>
</html>
