2167 3609
113 368 202 429 an]
409 372 452 419 nn
474 372 619 419 orneris.
897 359 951 421 121

112 523 287 592 sumptuum
307 517 473 578 facultatem
493 520 617 581 fructum
633 519 799 577 divitiarum
815 526 908 595 putet.

116 611 196 670 Mihi
218 625 315 679 autem
328 615 376 672 ille
391 616 501 674 fructus
514 616 704 690 liberalitatis,
719 616 801 692 cujus
815 634 909 673 exera·

116 710 166 785 pla
177 730 274 785 pauca
286 713 378 787 posui,
389 713 480 770 multo
490 724 519 770 et
529 714 619 789 major
631 713 742 770 videtur
753 723 783 770 et
793 713 908 770 certior.

112 806 241 867 Quanto
261 807 434 865 Aristoteles
454 809 569 886 gravius
585 819 614 866 et
627 809 722 866 verius
741 827 795 867 nos
815 828 909 885 repre·
991 855 996 865 ,

114 902 231 974 itendit,
260 923 310 978 qur
337 905 388 962 has
416 906 606 981 pecuniarum
635 905 790 963 effusiones
821 903 938 985 [non]5

115 999 306 1072 admiremur,
321 1020 384 1075 quas
398 1002 470 1059 fiunt
485 1002 520 1059 ad
533 1001 747 1059 multitudinem
765 1000 910 1057 delenien-

113 1096 204 1152 dam!
247 1096 297 1167 At,
312 1097 343 1169 ii,
358 1098 406 1172 qui
426 1098 461 1154 ab
482 1098 564 1155 hoste
584 1099 761 1168 obsidentur,-
775 1097 798 1154 si
814 1115 910 1153 emere

117 1211 203 1267 aquae
217 1193 372 1250 sextarium
387 1194 465 1250 minti
480 1204 632 1271 cogantur,
644 1195 700 1251 hoc
713 1194 807 1269 primo
818 1193 910 1250 incre-

78 1296 81 1301 '
114 1289 211 1345 dibile
231 1289 313 1346 nobis
333 1289 435 1361 videri,
454 1309 612 1364 omnesque
632 1291 745 1348 mirari:
767 1289 827 1360 sed,
842 1308 909 1346 cunr

115 1383 306 1458 attenderint,
336 1386 448 1443 veniam
482 1387 648 1444 necessitati
681 1387 766 1444 dare:
801 1387 830 1443 in
864 1386 909 1443 his
924 1398 955 1446 10

115 1482 295 1539 immanibus
312 1482 443 1558 jacturis,
458 1471 634 1557 infinitisque
653 1484 823 1558 sumptibus,
837 1483 909 1539 nibil

117 1597 175 1635 nos
210 1596 382 1653 magnopere
416 1579 530 1649 mirari;
564 1598 629 1636 cum
663 1580 819 1656 presertim
853 1597 910 1635 nec

116 1675 289 1733 necessitati
309 1675 505 1747 subveniatur,
525 1694 581 1733 nec
608 1677 733 1753 dignitas
754 1685 908 1753 augeatur;

120 1770 241 1845 ipsaque
264 1770 314 1828 illa
335 1771 490 1829 delectatio
511 1773 703 1830 multitudinis
724 1773 760 1830 sit
775 1772 810 1829 ad
824 1773 910 1829 breve

114 1865 313 1942 exiguumque
334 1877 463 1943 tempus3
484 1887 576 1943 eaque
591 1888 606 1926 a
620 1868 764 1926 levissimo
779 1887 908 1943 quoque:
924 1877 955 1926 15

119 1961 151 2019 in
165 1981 223 2038 quo
243 1972 341 2020 tamen
362 1963 434 2039 ipso,
449 1965 508 2020 una
528 1984 595 2022 cum
616 1965 756 2035 satietate,
771 1964 911 2021 memoria

115 2078 236 2134 quoque
257 2060 392 2117 moriatur
413 2060 575 2136 voluptatis.
617 2060 697 2118 Bene
722 2060 808 2117 etiam
831 2060 910 2117 colli-

117 2156 172 2233 git,
201 2156 265 2213 haec
290 2156 396 2232 pueris,
424 2167 454 2214 et
480 2157 669 2229 mulierculis,
696 2166 725 2213 et
754 2157 853 2226 servis,
881 2166 910 2213 et

113 2270 269 2310 *servorum
296 2252 449 2310 simillimis
475 2252 585 2323 liberis,
610 2271 672 2309 esse
699 2262 796 2328 grata;
831 2251 910 2327 gravi

119 2367 189 2406 vero
216 2348 336 2418 homini,
365 2358 395 2406 et
421 2367 465 2419 ea,
494 2367 557 2422 quae
585 2347 664 2417 fiant,
689 2347 801 2423 judicio
830 2355 910 2403 certo
924 2359 956 2409 20

113 2444 303 2521 ponderanti,
317 2445 431 2519 probari
443 2463 528 2520 posse
542 2443 623 2501 nullo
637 2445 732 2501 modo.

159 2540 340 2615 Quanquam
353 2540 494 2617 intelligo,
510 2540 539 2598 in
554 2541 652 2598 nostra
666 2541 781 2599 civitate
803 2539 911 2597 invete-

114 2636 201 2693 rasse
218 2636 279 2712 jam
293 2655 310 2694 a
324 2636 407 2693 bonis
421 2637 607 2711 temporibus,
622 2647 654 2694 ut
674 2637 808 2713 splendor
823 2636 911 2694 aedili·

117 2742 214 2790 tatum
242 2733 279 2789 ab
305 2732 422 2808 optimis
445 2732 513 2789 viris
538 2732 718 2807 postuletur·
757 2732 859 2807 Itaque
882 2742 911 2790 et

119 2829 153 2888 P.
169 2829 303 2901 Crassus,
325 2847 392 2886 cum
413 2829 587 2905 cognomine
608 2828 707 2900 Dives,
728 2838 788 2886 tum
809 2829 910 2905 copiis,
924 2846 956 2895 25

119 2927 239 2984 functus
253 2936 298 2982 est
312 2925 431 2983 aedilitio
451 2926 577 2983 maximo
594 2944 721 2983 munere.
763 2925 811 2997 Et,
824 2926 911 3001 paulo

118 3032 196 3098 post,
210 3021 245 3079 L.
261 3020 393 3093 Crassus,
408 3040 475 3079 cum
495 3021 626 3079 omnium
646 3021 794 3079 hominum
815 3021 912 3077 mode-

119 3118 268 3177 ratissimo
286 3116 327 3180 Q.
343 3115 455 3189 Mucio,
469 3116 756 3196 magnificentissima
776 3115 912 3173 adilitate

361 3214 396 3270 ll
