2167 3609
147 334 204 393 164
477 345 520 393 na
542 345 687 393 onmem.
883 347 923 407 [a.
934 341 979 394 111:

192 512 259 551 cum
279 491 375 551 Persis
399 493 461 566 luit,
481 495 553 552 dixit
580 494 610 552 in
637 492 790 566 concione,
810 511 842 551 se
869 493 978 552 habere

193 589 345 648 consilium
365 591 530 666 reipublicae
550 592 682 662 salutare,
697 590 747 647 sed
764 590 795 647 id
814 591 883 649 sciri
903 609 977 668 opus

191 704 250 743 non
265 705 335 743 esse.
377 686 542 758 Postulavit,
558 697 589 743 ut
605 688 727 762 aliquem
742 687 864 762 populus
885 688 975 760 daret,

191 782 308 857 quicum
344 783 586 840 communicaret:
624 782 707 840 datus
742 793 786 840 est
822 784 974 841 Aristides.

158 877 271 936 5Huic
292 879 349 952 ille,
371 880 490 936 classem
512 878 888 954 Lacedaemoniorumque
910 881 975 939 sub·

190 974 279 1032 ducta
301 986 377 1033 esset
398 976 431 1032 ad
452 975 606 1050 Gytheum,
628 975 702 1032 clam
729 975 846 1032 incendi
871 995 974 1051 posse3

190 1090 247 1147 quo
262 1071 338 1129 facto
360 1072 451 1148 frangi
472 1071 756 1128 Lacedaemoniorum
770 1090 840 1147 opes
853 1091 974 1131 necesse

189 1177 272 1225 esset.
312 1167 401 1229 Quod
427 1168 570 1224 Aristides
597 1185 664 1224 cum
691 1166 826 1239 audisset,
847 1168 877 1225 in
905 1187 974 1227 con·

190 1263 303 1320 cionem
330 1264 434 1341 magnai
467 1262 679 1338 exspectatione
705 1263 799 1333 venit3
833 1264 973 1339 dixitque,

143 1370 174 1419 10
187 1358 309 1433 perutile
336 1378 398 1416 esse
419 1359 582 1430 consiliunt,
603 1358 679 1433 quod
700 1358 914 1417 Themistocles
934 1362 974 1419 af·

188 1454 284 1526 ferret,
299 1455 349 1511 sed
363 1455 481 1512 minime
499 1454 659 1512 honestum.
700 1453 800 1530 Itaque
814 1455 974 1514 Athenien·

188 1570 243 1622 ses,
263 1552 338 1626 quod
359 1551 509 1608 honestum
530 1569 589 1607 non
609 1561 694 1622 esset,
714 1551 742 1608 id
763 1570 800 1608 ne
820 1552 891 1609 utile
911 1553 973 1627 qui·

188 1647 253 1703 dem
273 1657 460 1722 putaverunt:
485 1657 630 1722 totamque
651 1667 715 1704 eam
736 1666 806 1719 rem,
828 1667 914 1722 quam
934 1668 972 1707 ne

189 1742 338 1800 audierant
362 1743 486 1817 quidem,
509 1753 625 1800 auctore
646 1743 783 1813 Aristide,
805 1744 973 1818 repudiare·

140 1852 172 1902 15
187 1847 262 1895 runt.
304 1837 411 1895 Melius
431 1839 470 1910 hi,
492 1858 576 1914 quam
596 1857 657 1909 nos,
674 1839 723 1913 qui
743 1839 849 1914 piratas
870 1839 974 1899 immu-

144 1983 146 1988 .
187 1952 249 2007 nes,
264 1935 357 1993 socios
371 1936 534 2013 vectigales,
550 1935 695 1993 habemus.

225 2127 296 2187 XII.
318 2127 437 2187 Maneat
463 2148 541 2206 ergo,
563 2129 640 2203 quod
666 2137 748 2204 turpe
775 2127 821 2199 sit,
842 2127 872 2185 id
898 2148 975 2187 nun·

185 2243 270 2300 quam
290 2243 353 2282 esse
373 2226 452 2297 utile,
467 2244 504 2282 ne
525 2235 585 2281 tum
606 2225 732 2299 quidem,
751 2242 817 2281 cum
837 2224 877 2295 id,
893 2226 972 2299 quod

185 2339 248 2377 esse
269 2321 338 2378 utile
358 2331 450 2397 putes,
471 2321 638 2397 adipiscare.
680 2319 746 2377 Hoc
767 2320 843 2377 enim
865 2321 971 2396 ipsum,

138 2429 170 2479 20
185 2418 255 2475 utile
268 2428 368 2492 putare
381 2418 456 2493 quod
470 2428 552 2493 turpe
566 2417 611 2489 sit,
627 2417 825 2474 calamitosum
839 2427 890 2474 est.

225 2513 283 2570 Sed
299 2512 429 2570 incidunt
444 2511 590 2588 (utsupra
604 2513 676 2592 diri)
692 2532 766 2588 saepe
781 2531 886 2583 causae,
902 2532 970 2571 cunr

185 2627 344 2685 repugnare
364 2608 472 2665 utilitas
486 2609 629 2666 honestati
649 2609 775 2679 videtnr;
796 2619 828 2665 ut
842 2609 973 2666 animad-

185 2705 352 2761 vertendum
372 2704 418 2775 sit,
432 2714 611 2782 repugnetne
631 2705 725 2780 plane,
741 2724 776 2761 an
796 2705 887 2781 possit
901 2725 971 2764 cum

184 2798 332 2858 honestate
347 2801 492 2877 conjungi.
533 2800 605 2878 Ejus
618 2801 731 2877 generis
746 2802 788 2858 hae
803 2812 870 2864 sunt
879 2821 972 2877 quaes·

136 2909 169 2958 25
184 2894 294 2951 tiones:
314 2896 356 2951 ·Si
377 2894 512 2971 (exempli
539 2897 645 2975 gratid)
666 2896 708 2952 vir
729 2897 822 2953 bonus
844 2897 972 2955 Alexan-

185 2988 247 3045 urit
267 2987 405 3046 Rhodum
428 3009 564 3067 magnum
588 2977 898 3049 frumenti'numerum
920 2994 969 3050 ad-

184 3082 293 3140 vexerit
306 3083 337 3140 in
351 3083 531 3143 Rhodiorum
546 3086 643 3161 inopid
657 3096 687 3144 et
700 3087 784 3185 lame,
799 3088 971 3165 summaque
