2167 3609
138 325 196 385 116
471 334 515 381 on
536 331 681 380 omens.
888 331 981 391 [111.-

181 493 257 541 stant
279 482 417 558 epistolae,
441 493 471 542 et
493 482 620 558 Philippi
647 481 683 539 ad
706 480 914 551 Alexandrum,
940 490 970 538 et

181 578 327 655 Antipatri
342 578 377 635 ad
392 579 598 649 Cassandrum,
612 588 641 635 et
654 576 797 654 Antigoni
812 576 848 633 ad
861 575 971 652 Philip-

179 696 248 753 pum
269 676 369 747 filium,
390 675 476 733 trium
495 675 791 751 prudentissimorum,
813 671 868 749 (sic
889 672 970 732 euim
1067 707 1068 712 κ

182 772 361 852 accepimus)
373 772 476 846 quibus
489 771 670 847 praecipiunt,
682 780 713 827 ut
726 770 855 828 oratione
869 769 971 845 benig·

152 869 219 942 5nai
246 869 438 927 multitudiuis
462 868 572 926 animos
596 868 632 924 ad
656 865 883 925 benevolentiam
909 865 970 922 alli·

135 983 137 988 ⁴
182 965 270 1037 ciant,
295 966 456 1039 militesque
483 964 588 1021 blande
615 962 784 1039 appellando
811 961 968 1019 deleniant.

180 1061 257 1123 Quae
285 1071 379 1119 autern
406 1062 436 1118 in
463 1060 647 1117 multitudine
679 1078 744 1116 cum
779 1058 970 1115 contentione

182 1157 302 1215 habetur
336 1157 437 1228 oratio,
472 1176 507 1215 ea
539 1175 615 1231 soepe
651 1155 813 1212 universam
850 1154 969 1211 excitat.

183 1253 293 1330 Magna
305 1263 349 1310 est
362 1253 438 1310 enim
461 1252 612 1310 admiratio
630 1251 747 1327 copiose
767 1250 970 1326 sapienterque

137 1360 168 1408 10
183 1349 306 1406 dicentis
315 1370 322 1419 ;
344 1368 427 1423 quem
443 1349 491 1424 qui
514 1349 644 1419 audiunt,
659 1346 819 1424 intelligere
839 1346 926 1404 etiam
941 1356 971 1404 et

183 1463 281 1519 sapere
301 1444 466 1520 plusquam
488 1454 618 1511 caeteros,
634 1444 814 1501 arbitrantur.
856 1442 889 1500 Si
902 1461 972 1501 vero

183 1541 258 1598 inest
279 1542 308 1597 in
329 1541 456 1597 oratione
484 1542 574 1597 mixta
600 1540 746 1597 modestiae
773 1539 907 1616 gravitas,
927 1539 970 1597 nil

184 1637 378 1694 admirabilius
405 1637 465 1694 fieri
492 1646 602 1713 potest;
637 1653 728 1711 eoque
754 1636 855 1712 magis,
883 1636 907 1692 si
935 1654 972 1694 ea

183 1743 249 1791 sunt
263 1734 293 1790 in
308 1734 499 1791 adolescente.

138 1839 169 1888 15
223 1829 291 1900 Sed,
314 1848 380 1886 cum
404 1830 461 1887 siut
484 1830 567 1907 plura
589 1848 741 1887 causarum
765 1848 880 1906 genera,
905 1847 970 1903 quaa

84 1965 85 1972 ,
183 1924 375 2000 eloquentiam
404 1925 578 1998 desiderant,
599 1926 737 2000 multique
757 1926 787 1982 in
808 1913 906 1982 uostrd
926 1944 971 1982 re·

182 2021 300 2096 publici
324 2022 531 2093 adolescentes,
556 2033 585 2080 et
609 2023 682 2098 apud
704 2021 817 2098 jndices
841 2032 869 2079 et
894 2021 970 2097 apud

184 2129 315 2174 senatum
329 2118 464 2190 dicendo,
479 2118 593 2175 laudern
614 2118 737 2176 assecuti
751 2117 825 2187 sint;
845 2118 972 2175 maxima

185 2215 336 2272 admiratio
357 2225 400 2271 est
423 2215 452 2271 in
474 2215 608 2291 judiciis:
629 2233 747 2290 quorum
769 2215 843 2271 ratio
865 2213 971 2289 duplex

137 2318 169 2367 ab
184 2322 244 2369 est:
264 2330 331 2369 nam
346 2329 381 2368 ex
395 2312 581 2368 accusatione
601 2320 630 2367 et
650 2310 818 2368 defensione
839 2320 968 2380 constat;

184 2427 302 2482 quarum
337 2407 390 2463 etsi
425 2406 595 2464 laudabilior
628 2416 672 2463 est
704 2406 845 2477 defensio,
873 2416 970 2463 tamen

183 2504 270 2561 etiam
285 2506 432 2561 accusatio
445 2504 566 2579 probata
578 2522 705 2579 persaepe
719 2513 770 2560 est.
804 2503 872 2560 Dixi
884 2502 970 2579 paulo

185 2610 250 2656 ante
271 2599 306 2654 de
327 2597 442 2654 Crasso.
484 2598 565 2655 Idem
587 2599 656 2656 fecit
671 2599 838 2656 adolescens
852 2597 894 2655 M.
910 2599 972 2655 An·

183 2695 297 2751 tonius:
318 2695 405 2751 etiam
419 2694 450 2751 P.
466 2695 589 2769 Sulpicii
607 2695 800 2770 eloquentiam
822 2694 972 2753 accusatio

136 2795 170 2845 25
185 2789 345 2863 illustravit,
360 2810 426 2848 curn
441 2791 609 2848 seditiosum
622 2791 796 2849 et'inutilem
816 2791 920 2862 civem,
936 2792 970 2848 C.

184 2884 365 2958 Norbanum,
380 2887 410 2944 in
427 2887 570 2963 judicium
589 2887 710 2946 vocavit.
753 2887 812 2945 Sed
833 2887 889 2944 hoc
910 2887 973 2961 qui·

184 2982 250 3038 dem
263 2993 380 3040 nonest
400 3000 475 3058 sepe
497 2982 672 3056 faciendum,
686 3001 742 3041 nec
763 3002 899 3059 unquam,
913 2982 972 3041 nisi

185 3087 235 3135 aut
254 3076 420 3152 reipublice
441 3078 540 3152 causa,
555 3088 587 3136 ut
606 3078 637 3151 ii,
651 3098 723 3154 quos
743 3091 810 3140 ante
824 3079 900 3151 dixi;
922 3089 973 3136 aut
