2167 3609
92 361 163 422 1..1.]
391 359 434 410 ue
456 363 601 412 osricus.
892 353 930 415 el

94 529 159 585 quae
180 518 215 567 ut
235 521 412 568 concurrant
431 512 538 584 omnia,
553 512 679 589 optabile
691 522 754 585 est3
775 514 820 574 ein
834 513 887 572 mi·

93 626 161 678 nus,
185 606 286 683 plures
312 626 419 680 causae,
445 609 634 686 majoresque,
660 612 796 689 ponderis
821 612 887 690 plns

95 705 255 762 habebunt

134 897 207 955 XV.
227 897 379 959 Quoniam
393 908 487 956 autem
501 898 615 971 vivitur,
626 919 684 959 nnn
698 918 765 958 eum
778 901 888 977 persee-

95 994 136 1051 tis
149 995 326 1065 hominibus,
339 996 481 1072 planeque
494 997 681 1073 sapientibus,
696 998 746 1054 sed
761 1017 828 1055 eum
842 1000 886 1071 iis,
901 1022 917 1072 5

99 1090 132 1150 in
146 1092 259 1167 quibus,
273 1093 410 1168 preclare
425 1094 529 1171 agitur,
543 1093 568 1150 si
581 1104 649 1151 sunt
668 1093 823 1152 simulacra
836 1096 889 1152 vir·

99 1187 183 1259 tutis;
205 1189 293 1247 etiam
316 1190 373 1247 boe
395 1189 614 1267 intelligendum
637 1200 717 1267 pute,
743 1191 888 1249 neminem

96 1286 217 1345 omnino
230 1304 294 1343 esse
309 1287 523 1363 negligendum,
539 1286 568 1345 in
583 1305 641 1362 quo
663 1288 759 1363 aliqua
781 1288 889 1365 signifi·

97 1383 176 1442 natio
190 1383 305 1440 virtutis
319 1392 472 1459 appareat:
495 1383 647 1441 colendum
662 1395 757 1442 autem
770 1403 834 1442 esse
847 1385 888 1443 ita

96 1498 240 1555 quemque
254 1479 388 1551 maxime,
402 1481 567 1556 utquisque
584 1481 706 1538 maxime
721 1481 765 1539 bis
779 1481 887 1538 virtuti·
903 1482 933 1530 1⁰

97 1577 151 1634 bus
161 1575 382 1633 lenioribuserit
391 1587 518 1644 ornatus,
526 1578 677 1648 modestid,
685 1578 886 1654 temperandi,

97 1673 152 1730 bae
166 1672 231 1748 ipssa
246 1670 297 1749 (de
311 1673 368 1748 quia
387 1673 447 1748 jam
468 1667 558 1730 multa
578 1674 656 1731 dieta
673 1677 753 1753 sunt)
766 1674 885 1751 justitie

97 1769 127 1827 N
130 1788 175 1827 am
187 1768 267 1827 fertis
278 1769 390 1826 animus
404 1778 432 1825 et
447 1788 577 1847 magnus,
589 1770 618 1827 in
630 1771 744 1829 homine
754 1791 811 1830 nen
826 1789 887 1847 per·

98 1866 174 1924 seete
186 1885 243 1925 nee
253 1866 391 1942 sapiente,
404 1866 557 1925 ferventior
568 1868 736 1943 plerumque
745 1878 805 1926 est:
831 1868 886 1925 illae

96 1963 217 2021 virtutes
231 1963 322 2020 virum
337 1964 444 2020 benum
458 1964 590 2020 uidentur
603 1965 699 2040 potins
714 1965 864 2041 attingere.
903 1970 933 2019 15

136 2061 237 2135 Atque
260 2060 322 2117 haee
337 2060 367 2118 iu
381 2060 515 2118 moribus.
558 2060 603 2117 De
626 2062 825 2120 benevolentia
841 2080 888 2118 an·

98 2167 166 2229 tem,
192 2176 278 2232 quam
306 2157 425 2231 quisque
453 2158 558 2214 babeat
582 2174 651 2232 erga
677 2175 740 2227 nos,
763 2158 887 2231 primum

98 2254 168 2311 illud
184 2264 228 2310 est
249 2253 279 2310 in
293 2253 399 2324 officie,
414 2262 445 2310 ut
466 2252 493 2308 ei
513 2251 667 2327 plurimum
688 2252 889 2321 tribuamus,a

97 2370 154 2426 quo
162 2350 318 2427 plurimum
331 2349 493 2425 diligimur:
508 2348 558 2403 sed
571 2347 807 2417 benevolentiam,
819 2364 887 2418 non,

20 2473 21 2486 ¹
98 2447 379 2506 adolescentulorum
400 2463 490 2517 more,
506 2445 608 2503 ardore
629 2444 753 2518 quodam
775 2444 888 2515 amoris,
902 2449 934 2499 20

97 2544 148 2602 aed
171 2543 328 2601 stabilitate
348 2542 444 2617 potius
468 2552 497 2599 et
520 2542 693 2613 constantia,
715 2541 887 2617 judicemus.

98 2642 150 2699 Sin
165 2650 251 2697 erunt
266 2641 377 2710 merita,
393 2649 425 2696 ut
444 2658 501 2697 non
523 2638 658 2710 ineunda,
673 2639 724 2695 sed
739 2639 890 2696 referenda

97 2737 134 2795 sit
155 2736 266 2815 gratia;
287 2736 379 2812 major
399 2736 529 2811 quaedam
551 2754 622 2793 eura
643 2735 806 2793 adhibenda
825 2746 888 2792 est:

98 2834 210 2892 nullum
224 2833 301 2890 euim
316 2833 443 2892 officium
461 2832 613 2889 referendi
627 2832 720 2909 gratie
734 2831 826 2908 magis
840 2851 889 2890 ne·

98 2930 256 2988 eessarinm
271 2939 323 2986 est.
901 2946 933 2995 25

135 3027 231 3089 Quod
257 3027 282 3084 si
310 3044 354 3097 ea,
379 3044 442 3101 quae
466 3025 575 3083 utenda
602 3042 758 3100 acceperis,
782 3025 888 3100 majore

98 3124 237 3183 mensure
258 3121 297 3200 (si
317 3122 404 3182 modo
423 3122 530 3202 pessis)
543 3121 626 3198 jubet
644 3121 765 3179 reddere
785 3118 889 3176 Hesio-
