<?xml version="1.0" encoding="UTF-8"?>
<!DOCTYPE html PUBLIC "-//W3C//DTD XHTML 1.0 Transitional//EN"
    "http://www.w3.org/TR/xhtml1/DTD/xhtml1-transitional.dtd">
<html xmlns="http://www.w3.org/1999/xhtml" xml:lang="en" lang="en">
 <head>
  <title>
</title>
<meta http-equiv="Content-Type" content="text/html;charset=utf-8" />
  <meta name='ocr-system' content='tesseract 3.04.00' />
  <meta name='ocr-capabilities' content='ocr_page ocr_carea ocr_par ocr_line ocrx_word'/>
</head>
<body>
  <div class='ocr_page' id='page_1' title='image "./mtciceronisdeof01dillgoog/mtciceronisdeof01dillgoog_0198.png"; bbox 0 0 2167 3609; ppageno 0'>
   <div class='ocr_carea' id='block_1_1' title="bbox 160 345 994 419">
    <p class='ocr_par' dir='ltr' id='par_1_1' title="bbox 160 345 994 419">
     <span class='ocr_line' id='line_1_1' title="bbox 160 345 994 419; baseline 0.004 -12"><span class='ocrx_word' id='word_1_1' title='bbox 160 345 216 407; x_wconf 76' lang='lat' dir='ltr'><strong>les</strong></span> <span class='ocrx_word' id='word_1_2' title='bbox 492 359 535 407; x_wconf 83' lang='lat' dir='ltr'><strong>ns</strong></span> <span class='ocrx_word' id='word_1_3' title='bbox 557 357 703 408; x_wconf 77' lang='lat' dir='ltr'><strong>omens.</strong></span> <span class='ocrx_word' id='word_1_4' title='bbox 900 359 994 419; x_wconf 69' lang='lat' dir='ltr'><strong>[nus</strong></span> 
     </span>
    </p>
   </div>
   <div class='ocr_carea' id='block_1_2' title="bbox 202 505 992 779">
    <p class='ocr_par' dir='ltr' id='par_1_2' title="bbox 202 505 992 779">
     <span class='ocr_line' id='line_1_2' title="bbox 241 505 992 584; baseline 0.004 -20"><span class='ocrx_word' id='word_1_5' title='bbox 241 505 386 565; x_wconf 84' lang='lat' dir='ltr'>XXVIII.</span> <span class='ocrx_word' id='word_1_6' title='bbox 414 506 585 566; x_wconf 81' lang='lat' dir='ltr'>Pervertunt</span> <span class='ocrx_word' id='word_1_7' title='bbox 611 508 743 567; x_wconf 88' lang='lat' dir='ltr'><strong>homines</strong></span> <span class='ocrx_word' id='word_1_8' title='bbox 765 525 810 581; x_wconf 85' lang='lat' dir='ltr'><strong>ea,</strong></span> <span class='ocrx_word' id='word_1_9' title='bbox 832 526 897 584; x_wconf 73' lang='lat' dir='ltr'><strong>qua</strong></span> <span class='ocrx_word' id='word_1_10' title='bbox 923 518 992 567; x_wconf 80' lang='lat' dir='ltr'><strong>sunt</strong></span> 
     </span>
     <span class='ocr_line' id='line_1_3' title="bbox 203 603 992 677; baseline 0.001 -14"><span class='ocrx_word' id='word_1_11' title='bbox 203 603 388 663; x_wconf 84' lang='lat' dir='ltr'><strong>fundamenta</strong></span> <span class='ocrx_word' id='word_1_12' title='bbox 406 614 526 677; x_wconf 73' lang='lat' dir='ltr'><strong>nature,</strong></span> <span class='ocrx_word' id='word_1_13' title='bbox 541 623 608 662; x_wconf 88' lang='lat' dir='ltr'><strong>oum</strong></span> <span class='ocrx_word' id='word_1_14' title='bbox 625 605 776 663; x_wconf 82' lang='lat' dir='ltr'><strong>utilitatem</strong></span> <span class='ocrx_word' id='word_1_15' title='bbox 790 606 827 663; x_wconf 88' lang='lat' dir='ltr'><strong>ab</strong></span> <span class='ocrx_word' id='word_1_16' title='bbox 841 605 992 664; x_wconf 80' lang='lat' dir='ltr'><strong>honestate</strong></span> 
     </span>
     <span class='ocr_line' id='line_1_4' title="bbox 202 700 991 779; baseline 0.001 -21"><span class='ocrx_word' id='word_1_17' title='bbox 202 701 364 779; x_wconf 83' lang='lat' dir='ltr'><strong>sejungunt.</strong></span> <span class='ocrx_word' id='word_1_18' title='bbox 416 700 526 759; x_wconf 84' lang='lat' dir='ltr'>Omnes</span> <span class='ocrx_word' id='word_1_19' title='bbox 546 701 624 759; x_wconf 91' lang='lat' dir='ltr'><strong>enim</strong></span> <span class='ocrx_word' id='word_1_20' title='bbox 644 702 804 777; x_wconf 82' lang='lat' dir='ltr'><strong>expetimus</strong></span> <span class='ocrx_word' id='word_1_21' title='bbox 825 702 991 775; x_wconf 82' lang='lat' dir='ltr'><strong>utilitatem,</strong></span> 
     </span>
    </p>
   </div>
   <div class='ocr_carea' id='block_1_3' title="bbox 203 795 1076 873">
    <p class='ocr_par' dir='ltr' id='par_1_3' title="bbox 203 795 1076 873">
     <span class='ocr_line' id='line_1_5' title="bbox 203 795 1076 873; baseline 0.001 -18"><span class='ocrx_word' id='word_1_22' title='bbox 203 798 236 855; x_wconf 87' lang='lat' dir='ltr'><strong>ad</strong></span> <span class='ocrx_word' id='word_1_23' title='bbox 251 816 373 873; x_wconf 86' lang='lat' dir='ltr'><strong>eamque</strong></span> <span class='ocrx_word' id='word_1_24' title='bbox 386 798 528 873; x_wconf 90' lang='lat' dir='ltr'><strong>rapimur;</strong></span> <span class='ocrx_word' id='word_1_25' title='bbox 549 817 605 855; x_wconf 90' lang='lat' dir='ltr'><strong>neo</strong></span> <span class='ocrx_word' id='word_1_26' title='bbox 620 797 715 855; x_wconf 81' lang='lat' dir='ltr'><strong>faeere</strong></span> <span class='ocrx_word' id='word_1_27' title='bbox 730 798 811 856; x_wconf 89' lang='lat' dir='ltr'><strong>aliter</strong></span> <span class='ocrx_word' id='word_1_28' title='bbox 826 798 886 856; x_wconf 92' lang='lat' dir='ltr'><strong>ullo</strong></span> <span class='ocrx_word' id='word_1_29' title='bbox 902 799 993 856; x_wconf 89' lang='lat' dir='ltr'><strong>modo</strong></span> <span class='ocrx_word' id='word_1_30' title='bbox 1074 795 1076 813; x_wconf 92' lang='lat'>&#39;</span> 
     </span>
    </p>
   </div>
   <div class='ocr_carea' id='block_1_4' title="bbox 149 894 994 2419">
    <p class='ocr_par' dir='ltr' id='par_1_4' title="bbox 170 894 993 972">
     <span class='ocr_line' id='line_1_6' title="bbox 170 894 993 972; baseline 0.005 -23"><span class='ocrx_word' id='word_1_31' title='bbox 170 903 367 970; x_wconf 70' lang='lat' dir='ltr'><strong>spossumus:</strong></span> <span class='ocrx_word' id='word_1_32' title='bbox 388 914 453 953; x_wconf 88' lang='lat' dir='ltr'><strong>nam</strong></span> <span class='ocrx_word' id='word_1_33' title='bbox 474 894 538 969; x_wconf 87' lang='lat' dir='ltr'><strong>quis</strong></span> <span class='ocrx_word' id='word_1_34' title='bbox 558 904 611 966; x_wconf 88' lang='lat' dir='ltr'><strong>est,</strong></span> <span class='ocrx_word' id='word_1_35' title='bbox 632 895 680 970; x_wconf 93' lang='lat' dir='ltr'><strong>qui</strong></span> <span class='ocrx_word' id='word_1_36' title='bbox 701 894 784 951; x_wconf 91' lang='lat' dir='ltr'><strong>utilia</strong></span> <span class='ocrx_word' id='word_1_37' title='bbox 803 895 916 972; x_wconf 84' lang='lat' dir='ltr'><strong>fugiatl</strong></span> <span class='ocrx_word' id='word_1_38' title='bbox 941 903 993 953; x_wconf 84' lang='lat' dir='ltr'><strong>aut</strong></span> 
     </span>
    </p>

    <p class='ocr_par' dir='ltr' id='par_1_5' title="bbox 199 990 994 1356">
     <span class='ocr_line' id='line_1_7' title="bbox 201 990 994 1067; baseline 0.001 -19"><span class='ocrx_word' id='word_1_39' title='bbox 201 992 265 1066; x_wconf 87' lang='lat' dir='ltr'><strong>quis</strong></span> <span class='ocrx_word' id='word_1_40' title='bbox 284 992 389 1067; x_wconf 91' lang='lat' dir='ltr'><strong>potius,</strong></span> <span class='ocrx_word' id='word_1_41' title='bbox 403 992 451 1067; x_wconf 90' lang='lat' dir='ltr'><strong>qui</strong></span> <span class='ocrx_word' id='word_1_42' title='bbox 471 1009 507 1049; x_wconf 83' lang='lat' dir='ltr'><strong>ea</strong></span> <span class='ocrx_word' id='word_1_43' title='bbox 525 1009 585 1048; x_wconf 89' lang='lat' dir='ltr'><strong>non</strong></span> <span class='ocrx_word' id='word_1_44' title='bbox 605 990 814 1049; x_wconf 80' lang='lat' dir='ltr'><strong>studiosissime</strong></span> <span class='ocrx_word' id='word_1_45' title='bbox 836 1010 994 1067; x_wconf 85' lang='lat' dir='ltr'><strong>persequa-</strong></span> 
     </span>
     <span class='ocr_line' id='line_1_8' title="bbox 200 1087 990 1163; baseline 0 -18"><span class='ocrx_word' id='word_1_46' title='bbox 200 1090 267 1145; x_wconf 83' lang='lat' dir='ltr'><strong>turl</strong></span> <span class='ocrx_word' id='word_1_47' title='bbox 321 1089 389 1160; x_wconf 87' lang='lat' dir='ltr'><strong>Sed,</strong></span> <span class='ocrx_word' id='word_1_48' title='bbox 418 1088 494 1163; x_wconf 86' lang='lat' dir='ltr'><strong>quia</strong></span> <span class='ocrx_word' id='word_1_49' title='bbox 510 1105 651 1162; x_wconf 83' lang='lat' dir='ltr'><strong>nusquam</strong></span> <span class='ocrx_word' id='word_1_50' title='bbox 683 1106 846 1163; x_wconf 90' lang='lat' dir='ltr'><strong>possumus,</strong></span> <span class='ocrx_word' id='word_1_51' title='bbox 873 1087 931 1144; x_wconf 85' lang='lat' dir='ltr'><strong>nisi</strong></span> <span class='ocrx_word' id='word_1_52' title='bbox 959 1088 990 1145; x_wconf 90' lang='lat' dir='ltr'><strong>in</strong></span> 
     </span>
     <span class='ocr_line' id='line_1_9' title="bbox 200 1182 993 1260; baseline -0.003 -19"><span class='ocrx_word' id='word_1_53' title='bbox 200 1184 295 1256; x_wconf 85' lang='lat' dir='ltr'><strong>lande,</strong></span> <span class='ocrx_word' id='word_1_54' title='bbox 316 1185 431 1256; x_wconf 82' lang='lat' dir='ltr'><strong>decore,</strong></span> <span class='ocrx_word' id='word_1_55' title='bbox 460 1185 620 1255; x_wconf 82' lang='lat' dir='ltr'><strong>honestate,</strong></span> <span class='ocrx_word' id='word_1_56' title='bbox 641 1182 724 1240; x_wconf 90' lang='lat' dir='ltr'><strong>utilia</strong></span> <span class='ocrx_word' id='word_1_57' title='bbox 749 1183 886 1258; x_wconf 86' lang='lat' dir='ltr'><strong>reperire,</strong></span> <span class='ocrx_word' id='word_1_58' title='bbox 908 1202 993 1260; x_wconf 84' lang='lat' dir='ltr'><strong>prop·</strong></span> 
     </span>
     <span class='ocr_line' id='line_1_10' title="bbox 199 1279 991 1356; baseline 0 -19"><span class='ocrx_word' id='word_1_59' title='bbox 199 1289 279 1337; x_wconf 83' lang='lat' dir='ltr'><strong>terea</strong></span> <span class='ocrx_word' id='word_1_60' title='bbox 305 1280 354 1337; x_wconf 89' lang='lat' dir='ltr'><strong>illa</strong></span> <span class='ocrx_word' id='word_1_61' title='bbox 376 1280 467 1356; x_wconf 91' lang='lat' dir='ltr'><strong>prima</strong></span> <span class='ocrx_word' id='word_1_62' title='bbox 486 1289 515 1336; x_wconf 92' lang='lat' dir='ltr'><strong>et</strong></span> <span class='ocrx_word' id='word_1_63' title='bbox 535 1298 647 1337; x_wconf 89' lang='lat' dir='ltr'><strong>summa</strong></span> <span class='ocrx_word' id='word_1_64' title='bbox 672 1279 827 1349; x_wconf 84' lang='lat' dir='ltr'><strong>habemus3</strong></span> <span class='ocrx_word' id='word_1_65' title='bbox 855 1279 991 1337; x_wconf 79' lang='lat' dir='ltr'><strong>utilitatis</strong></span> 
     </span>
    </p>

    <p class='ocr_par' dir='ltr' id='par_1_6' title="bbox 154 1375 991 1530">
     <span class='ocr_line' id='line_1_11' title="bbox 154 1375 991 1451; baseline 0.004 -20"><span class='ocrx_word' id='word_1_66' title='bbox 154 1383 185 1431; x_wconf 85' lang='lat'><strong>10</strong></span> <span class='ocrx_word' id='word_1_67' title='bbox 199 1394 304 1433; x_wconf 86' lang='lat' dir='ltr'><strong>nornen</strong></span> <span class='ocrx_word' id='word_1_68' title='bbox 324 1394 382 1433; x_wconf 92' lang='lat' dir='ltr'><strong>non</strong></span> <span class='ocrx_word' id='word_1_69' title='bbox 403 1387 461 1433; x_wconf 91' lang='lat' dir='ltr'><strong>tam</strong></span> <span class='ocrx_word' id='word_1_70' title='bbox 483 1375 665 1451; x_wconf 89' lang='lat' dir='ltr'><strong>splendidum</strong></span> <span class='ocrx_word' id='word_1_71' title='bbox 685 1393 770 1450; x_wconf 84' lang='lat' dir='ltr'><strong>quam</strong></span> <span class='ocrx_word' id='word_1_72' title='bbox 791 1375 991 1434; x_wconf 81' lang='lat' dir='ltr'><strong>necessarium</strong></span> 
     </span>
     <span class='ocr_line' id='line_1_12' title="bbox 199 1472 341 1530; baseline 0.014 -2"><span class='ocrx_word' id='word_1_73' title='bbox 199 1472 341 1530; x_wconf 79' lang='lat' dir='ltr'><strong>ducimus.</strong></span> 
     </span>
    </p>

    <p class='ocr_par' dir='ltr' id='par_1_7' title="bbox 198 1566 991 1838">
     <span class='ocr_line' id='line_1_13' title="bbox 236 1566 991 1647; baseline -0.004 -18"><span class='ocrx_word' id='word_1_74' title='bbox 236 1569 320 1631; x_wconf 76' lang='lat' dir='ltr'><strong>Quid</strong></span> <span class='ocrx_word' id='word_1_75' title='bbox 334 1579 378 1626; x_wconf 86' lang='lat' dir='ltr'><strong>est</strong></span> <span class='ocrx_word' id='word_1_76' title='bbox 392 1569 479 1645; x_wconf 86' lang='lat' dir='ltr'><strong>igitur</strong></span> <span class='ocrx_word' id='word_1_77' title='bbox 494 1568 613 1646; x_wconf 79' lang='lat' dir='ltr'><strong>(dixerit</strong></span> <span class='ocrx_word' id='word_1_78' title='bbox 632 1567 710 1647; x_wconf 86' lang='lat' dir='ltr'><strong>quis)</strong></span> <span class='ocrx_word' id='word_1_79' title='bbox 731 1567 761 1625; x_wconf 91' lang='lat' dir='ltr'><strong>in</strong></span> <span class='ocrx_word' id='word_1_80' title='bbox 778 1566 991 1644; x_wconf 79' lang='lat' dir='ltr'><strong>jurejurandol</strong></span> 
     </span>
     <span class='ocr_line' id='line_1_14' title="bbox 198 1663 988 1741; baseline 0 -19"><span class='ocrx_word' id='word_1_81' title='bbox 198 1685 268 1723; x_wconf 89' lang='lat' dir='ltr'><strong>num</strong></span> <span class='ocrx_word' id='word_1_82' title='bbox 289 1667 393 1723; x_wconf 90' lang='lat' dir='ltr'><strong>iratum</strong></span> <span class='ocrx_word' id='word_1_83' title='bbox 413 1666 549 1723; x_wconf 90' lang='lat' dir='ltr'><strong>timemus</strong></span> <span class='ocrx_word' id='word_1_84' title='bbox 570 1663 692 1722; x_wconf 82' lang='lat' dir='ltr'><strong>Joveml</strong></span> <span class='ocrx_word' id='word_1_85' title='bbox 732 1664 774 1722; x_wconf 83' lang='lat' dir='ltr'><strong>At</strong></span> <span class='ocrx_word' id='word_1_86' title='bbox 794 1666 851 1723; x_wconf 77' lang='lat' dir='ltr'><strong>hoo</strong></span> <span class='ocrx_word' id='word_1_87' title='bbox 870 1665 988 1741; x_wconf 86' lang='lat' dir='ltr'><strong>quidem</strong></span> 
     </span>
     <span class='ocr_line' id='line_1_15' title="bbox 198 1760 990 1838; baseline 0.004 -20"><span class='ocrx_word' id='word_1_88' title='bbox 198 1780 352 1819; x_wconf 75' lang='lat' dir='ltr'><strong>commune</strong></span> <span class='ocrx_word' id='word_1_89' title='bbox 372 1771 415 1819; x_wconf 91' lang='lat' dir='ltr'><strong>est</strong></span> <span class='ocrx_word' id='word_1_90' title='bbox 435 1763 565 1819; x_wconf 90' lang='lat' dir='ltr'><strong>omnium</strong></span> <span class='ocrx_word' id='word_1_91' title='bbox 591 1760 837 1838; x_wconf 88' lang='lat' dir='ltr'><strong>philosophorum,</strong></span> <span class='ocrx_word' id='word_1_92' title='bbox 858 1780 919 1820; x_wconf 89' lang='lat' dir='ltr'><strong>non</strong></span> <span class='ocrx_word' id='word_1_93' title='bbox 941 1780 990 1821; x_wconf 82' lang='lat' dir='ltr'><strong>eo·</strong></span> 
     </span>
    </p>

    <p class='ocr_par' dir='ltr' id='par_1_8' title="bbox 152 1858 991 2321">
     <span class='ocr_line' id='line_1_16' title="bbox 152 1858 991 1936; baseline 0 -21"><span class='ocrx_word' id='word_1_94' title='bbox 152 1877 183 1925; x_wconf 81' lang='lat'><strong>15</strong></span> <span class='ocrx_word' id='word_1_95' title='bbox 199 1876 262 1915; x_wconf 91' lang='lat' dir='ltr'><strong>rum</strong></span> <span class='ocrx_word' id='word_1_96' title='bbox 282 1858 379 1931; x_wconf 87' lang='lat' dir='ltr'><strong>modo,</strong></span> <span class='ocrx_word' id='word_1_97' title='bbox 394 1859 443 1933; x_wconf 91' lang='lat' dir='ltr'><strong>qui</strong></span> <span class='ocrx_word' id='word_1_98' title='bbox 463 1858 558 1916; x_wconf 88' lang='lat' dir='ltr'><strong>Deum</strong></span> <span class='ocrx_word' id='word_1_99' title='bbox 572 1858 644 1914; x_wconf 92' lang='lat' dir='ltr'><strong>nihil</strong></span> <span class='ocrx_word' id='word_1_100' title='bbox 660 1858 767 1915; x_wconf 88' lang='lat' dir='ltr'><strong>habere</strong></span> <span class='ocrx_word' id='word_1_101' title='bbox 787 1858 881 1933; x_wconf 87' lang='lat' dir='ltr'><strong>ipsum</strong></span> <span class='ocrx_word' id='word_1_102' title='bbox 901 1877 991 1936; x_wconf 79' lang='lat' dir='ltr'><strong>nego-</strong></span> 
     </span>
     <span class='ocr_line' id='line_1_17' title="bbox 198 1935 989 2027; baseline 0.001 -15"><span class='ocrx_word' id='word_1_103' title='bbox 198 1954 231 2013; x_wconf 92' lang='lat' dir='ltr'><strong>tii</strong></span> <span class='ocrx_word' id='word_1_104' title='bbox 252 1954 363 2027; x_wconf 86' lang='lat' dir='ltr'><strong>dieunt,</strong></span> <span class='ocrx_word' id='word_1_105' title='bbox 384 1965 414 2012; x_wconf 90' lang='lat' dir='ltr'><strong>et</strong></span> <span class='ocrx_word' id='word_1_106' title='bbox 433 1955 505 2012; x_wconf 90' lang='lat' dir='ltr'><strong>nihil</strong></span> <span class='ocrx_word' id='word_1_107' title='bbox 532 1935 669 2011; x_wconf 72' lang='lat' dir='ltr'><strong>exhibere</strong></span> <span class='ocrx_word' id='word_1_108' title='bbox 696 1953 787 2025; x_wconf 86' lang='lat' dir='ltr'><strong>alteri,</strong></span> <span class='ocrx_word' id='word_1_109' title='bbox 808 1954 858 2011; x_wconf 86' lang='lat' dir='ltr'><strong>sed</strong></span> <span class='ocrx_word' id='word_1_110' title='bbox 886 1973 989 2013; x_wconf 85' lang='lat' dir='ltr'><strong>eornm</strong></span> 
     </span>
     <span class='ocr_line' id='line_1_18' title="bbox 198 2050 989 2127; baseline 0 -18"><span class='ocrx_word' id='word_1_111' title='bbox 198 2051 295 2124; x_wconf 86' lang='lat' dir='ltr'><strong>etiam,</strong></span> <span class='ocrx_word' id='word_1_112' title='bbox 310 2052 359 2126; x_wconf 88' lang='lat' dir='ltr'><strong>qni</strong></span> <span class='ocrx_word' id='word_1_113' title='bbox 373 2051 469 2109; x_wconf 89' lang='lat' dir='ltr'><strong>Deum</strong></span> <span class='ocrx_word' id='word_1_114' title='bbox 490 2068 601 2125; x_wconf 87' lang='lat' dir='ltr'><strong>semper</strong></span> <span class='ocrx_word' id='word_1_115' title='bbox 623 2069 707 2127; x_wconf 86' lang='lat' dir='ltr'><strong>agere</strong></span> <span class='ocrx_word' id='word_1_116' title='bbox 727 2050 834 2125; x_wconf 90' lang='lat' dir='ltr'><strong>aliquid</strong></span> <span class='ocrx_word' id='word_1_117' title='bbox 848 2060 877 2108; x_wconf 91' lang='lat' dir='ltr'><strong>et</strong></span> <span class='ocrx_word' id='word_1_118' title='bbox 891 2051 989 2109; x_wconf 89' lang='lat' dir='ltr'><strong>moliri</strong></span> 
     </span>
     <span class='ocr_line' id='line_1_19' title="bbox 198 2146 988 2223; baseline 0.001 -18"><span class='ocrx_word' id='word_1_119' title='bbox 198 2149 306 2221; x_wconf 84' lang='lat' dir='ltr'><strong>volunt,</strong></span> <span class='ocrx_word' id='word_1_120' title='bbox 321 2167 467 2223; x_wconf 87' lang='lat' dir='ltr'><strong>nunquam</strong></span> <span class='ocrx_word' id='word_1_121' title='bbox 488 2166 544 2205; x_wconf 90' lang='lat' dir='ltr'><strong>neo</strong></span> <span class='ocrx_word' id='word_1_122' title='bbox 564 2146 651 2204; x_wconf 82' lang='lat' dir='ltr'><strong>irasci</strong></span> <span class='ocrx_word' id='word_1_123' title='bbox 672 2146 779 2217; x_wconf 88' lang='lat' dir='ltr'><strong>Deum,</strong></span> <span class='ocrx_word' id='word_1_124' title='bbox 793 2165 849 2205; x_wconf 88' lang='lat' dir='ltr'><strong>neo</strong></span> <span class='ocrx_word' id='word_1_125' title='bbox 868 2165 988 2206; x_wconf 80' lang='lat' dir='ltr'><strong>nocere.</strong></span> 
     </span>
     <span class='ocr_line' id='line_1_20' title="bbox 195 2243 987 2321; baseline -0.006 -13"><span class='ocrx_word' id='word_1_126' title='bbox 195 2246 279 2308; x_wconf 76' lang='lat' dir='ltr'><strong>Quid</strong></span> <span class='ocrx_word' id='word_1_127' title='bbox 294 2256 389 2304; x_wconf 87' lang='lat' dir='ltr'><strong>autern</strong></span> <span class='ocrx_word' id='word_1_128' title='bbox 404 2245 493 2303; x_wconf 85' lang='lat' dir='ltr'><strong>iratus</strong></span> <span class='ocrx_word' id='word_1_129' title='bbox 507 2243 621 2319; x_wconf 85' lang='lat' dir='ltr'><strong>Jupiter</strong></span> <span class='ocrx_word' id='word_1_130' title='bbox 636 2244 701 2319; x_wconf 91' lang='lat' dir='ltr'><strong>plus</strong></span> <span class='ocrx_word' id='word_1_131' title='bbox 715 2262 822 2301; x_wconf 89' lang='lat' dir='ltr'><strong>nooere</strong></span> <span class='ocrx_word' id='word_1_132' title='bbox 835 2245 987 2321; x_wconf 84' lang='lat' dir='ltr'><strong>potuisset,</strong></span> 
     </span>
    </p>

    <p class='ocr_par' dir='ltr' id='par_1_9' title="bbox 149 2339 989 2419">
     <span class='ocr_line' id='line_1_21' title="bbox 149 2339 989 2419; baseline 0 -19"><span class='ocrx_word' id='word_1_133' title='bbox 149 2365 181 2415; x_wconf 73' lang='lat'><strong>20</strong></span> <span class='ocrx_word' id='word_1_134' title='bbox 197 2357 283 2418; x_wconf 86' lang='lat' dir='ltr'><strong>quam</strong></span> <span class='ocrx_word' id='word_1_135' title='bbox 303 2342 404 2400; x_wconf 90' lang='lat' dir='ltr'><strong>noouit</strong></span> <span class='ocrx_word' id='word_1_136' title='bbox 423 2341 479 2398; x_wconf 87' lang='lat' dir='ltr'><strong>sibi</strong></span> <span class='ocrx_word' id='word_1_137' title='bbox 500 2340 561 2417; x_wconf 91' lang='lat' dir='ltr'><strong>ipse</strong></span> <span class='ocrx_word' id='word_1_138' title='bbox 582 2340 734 2417; x_wconf 84' lang='lat' dir='ltr'><strong>Regulusl</strong></span> <span class='ocrx_word' id='word_1_139' title='bbox 789 2339 877 2399; x_wconf 86' lang='lat' dir='ltr'><strong>Nulla</strong></span> <span class='ocrx_word' id='word_1_140' title='bbox 899 2341 989 2419; x_wconf 78' lang='lat' dir='ltr'><strong>igitur</strong></span> 
     </span>
    </p>
   </div>
   <div class='ocr_carea' id='block_1_5' title="bbox 152 2437 1073 2515">
    <p class='ocr_par' dir='ltr' id='par_1_10' title="bbox 152 2437 1073 2515">
     <span class='ocr_line' id='line_1_22' title="bbox 152 2437 1073 2515; baseline -0.005 -19"><span class='ocrx_word' id='word_1_141' title='bbox 152 2453 156 2460; x_wconf 80' lang='grc'><strong>“</strong></span> <span class='ocrx_word' id='word_1_142' title='bbox 197 2438 239 2495; x_wconf 84' lang='lat' dir='ltr'><strong>vis</strong></span> <span class='ocrx_word' id='word_1_143' title='bbox 266 2438 320 2495; x_wconf 84' lang='lat' dir='ltr'><strong>fuit</strong></span> <span class='ocrx_word' id='word_1_144' title='bbox 345 2437 589 2513; x_wconf 66' lang='lat' dir='ltr'><strong>religionisque</strong></span> <span class='ocrx_word' id='word_1_145' title='bbox 616 2445 723 2494; x_wconf 87' lang='lat' dir='ltr'><strong>tantam</strong></span> <span class='ocrx_word' id='word_1_146' title='bbox 750 2437 904 2494; x_wconf 86' lang='lat' dir='ltr'><strong>utilitatem</strong></span> <span class='ocrx_word' id='word_1_147' title='bbox 924 2457 989 2515; x_wconf 87' lang='lat' dir='ltr'><strong>per-</strong></span> <span class='ocrx_word' id='word_1_148' title='bbox 1072 2455 1073 2468; x_wconf 57' lang='lat'>¹</span> 
     </span>
    </p>
   </div>
   <div class='ocr_carea' id='block_1_6' title="bbox 147 2532 989 2899">
    <p class='ocr_par' dir='ltr' id='par_1_11' title="bbox 196 2532 988 2608">
     <span class='ocr_line' id='line_1_23' title="bbox 196 2532 988 2608; baseline 0.003 -17"><span class='ocrx_word' id='word_1_149' title='bbox 196 2543 326 2592; x_wconf 80' lang='lat' dir='ltr'><strong>verteret</strong></span> <span class='ocrx_word' id='word_1_150' title='bbox 378 2532 436 2605; x_wconf 83' lang='lat' dir='ltr'><strong>An,</strong></span> <span class='ocrx_word' id='word_1_151' title='bbox 461 2551 497 2590; x_wconf 92' lang='lat' dir='ltr'><strong>ne</strong></span> <span class='ocrx_word' id='word_1_152' title='bbox 521 2532 641 2608; x_wconf 84' lang='lat' dir='ltr'><strong>turpiter</strong></span> <span class='ocrx_word' id='word_1_153' title='bbox 668 2532 796 2591; x_wconf 82' lang='lat' dir='ltr'><strong>faeeretl</strong></span> <span class='ocrx_word' id='word_1_154' title='bbox 827 2533 988 2607; x_wconf 59' lang='lat' dir='ltr'><strong>&#39;Primum</strong></span> 
     </span>
    </p>

    <p class='ocr_par' dir='ltr' id='par_1_12' title="bbox 196 2628 989 2705">
     <span class='ocr_line' id='line_1_24' title="bbox 196 2628 989 2705; baseline 0.003 -17"><span class='ocrx_word' id='word_1_155' title='bbox 196 2630 316 2688; x_wconf 88' lang='lat' dir='ltr'><strong>minima</strong></span> <span class='ocrx_word' id='word_1_156' title='bbox 341 2629 378 2687; x_wconf 91' lang='lat' dir='ltr'><strong>de</strong></span> <span class='ocrx_word' id='word_1_157' title='bbox 405 2629 495 2687; x_wconf 87' lang='lat' dir='ltr'><strong>malis.</strong></span> <span class='ocrx_word' id='word_1_158' title='bbox 550 2628 631 2687; x_wconf 88' lang='lat' dir='ltr'><strong>Num</strong></span> <span class='ocrx_word' id='word_1_159' title='bbox 658 2628 745 2705; x_wconf 84' lang='lat' dir='ltr'><strong>igitur</strong></span> <span class='ocrx_word' id='word_1_160' title='bbox 771 2639 884 2687; x_wconf 88' lang='lat' dir='ltr'><strong>tantum</strong></span> <span class='ocrx_word' id='word_1_161' title='bbox 917 2631 989 2690; x_wconf 80' lang='lat' dir='ltr'><strong>meli</strong></span> 
     </span>
    </p>

    <p class='ocr_par' dir='ltr' id='par_1_13' title="bbox 147 2724 989 2899">
     <span class='ocr_line' id='line_1_25' title="bbox 196 2724 989 2803; baseline 0.003 -19"><span class='ocrx_word' id='word_1_162' title='bbox 196 2726 342 2803; x_wconf 87' lang='lat' dir='ltr'><strong>turpitudo</strong></span> <span class='ocrx_word' id='word_1_163' title='bbox 363 2726 417 2783; x_wconf 87' lang='lat' dir='ltr'><strong>ista</strong></span> <span class='ocrx_word' id='word_1_164' title='bbox 437 2724 571 2797; x_wconf 83' lang='lat' dir='ltr'><strong>habebat,</strong></span> <span class='ocrx_word' id='word_1_165' title='bbox 590 2737 728 2801; x_wconf 82' lang='lat' dir='ltr'><strong>quantum</strong></span> <span class='ocrx_word' id='word_1_166' title='bbox 749 2726 798 2785; x_wconf 87' lang='lat' dir='ltr'><strong>ille</strong></span> <span class='ocrx_word' id='word_1_167' title='bbox 818 2727 989 2786; x_wconf 84' lang='lat' dir='ltr'><strong>oruoiatusl</strong></span> 
     </span>
     <span class='ocr_line' id='line_1_26' title="bbox 147 2821 726 2899; baseline -0.005 -16"><span class='ocrx_word' id='word_1_168' title='bbox 147 2834 180 2883; x_wconf 73' lang='lat'><strong>25</strong></span> <span class='ocrx_word' id='word_1_169' title='bbox 196 2821 311 2879; x_wconf 91' lang='lat' dir='ltr'><strong>Deinde</strong></span> <span class='ocrx_word' id='word_1_170' title='bbox 324 2823 396 2881; x_wconf 88' lang='lat' dir='ltr'><strong>illud</strong></span> <span class='ocrx_word' id='word_1_171' title='bbox 410 2822 496 2880; x_wconf 88' lang='lat' dir='ltr'><strong>etiam</strong></span> <span class='ocrx_word' id='word_1_172' title='bbox 511 2822 588 2899; x_wconf 89' lang='lat' dir='ltr'><strong>apud</strong></span> <span class='ocrx_word' id='word_1_173' title='bbox 601 2822 726 2896; x_wconf 86' lang='lat' dir='ltr'><strong>Attium,</strong></span> 
     </span>
    </p>
   </div>
   <div class='ocr_carea' id='block_1_7' title="bbox 226 2972 989 3114">
    <p class='ocr_par' dir='ltr' id='par_1_14' title="bbox 226 2972 989 3114">
     <span class='ocr_line' id='line_1_27' title="bbox 226 2972 989 3042; baseline 0.012 -22"><span class='ocrx_word' id='word_1_174' title='bbox 226 2972 357 3038; x_wconf 72' lang='lat' dir='ltr'><strong>“Fregisti</strong></span> <span class='ocrx_word' id='word_1_175' title='bbox 373 2976 456 3025; x_wconf 81' lang='lat' dir='ltr'><strong>fldem.</strong></span> <span class='ocrx_word' id='word_1_176' title='bbox 489 2975 577 3039; x_wconf 84' lang='lat' dir='ltr'><strong>Neque</strong></span> <span class='ocrx_word' id='word_1_177' title='bbox 594 2976 660 3039; x_wconf 84' lang='lat' dir='ltr'><strong>dedi,</strong></span> <span class='ocrx_word' id='word_1_178' title='bbox 671 2992 752 3041; x_wconf 86' lang='lat' dir='ltr'><strong>neque</strong></span> <span class='ocrx_word' id='word_1_179' title='bbox 769 2977 810 3042; x_wconf 87' lang='lat' dir='ltr'><strong>do,</strong></span> <span class='ocrx_word' id='word_1_180' title='bbox 821 2976 918 3027; x_wconf 86' lang='lat' dir='ltr'><strong>infideli</strong></span> <span class='ocrx_word' id='word_1_181' title='bbox 934 2978 989 3029; x_wconf 86' lang='lat' dir='ltr'><strong>eui·</strong></span> 
     </span>
     <span class='ocr_line' id='line_1_28' title="bbox 282 3054 382 3114; baseline 0.01 -1"><span class='ocrx_word' id='word_1_182' title='bbox 282 3054 382 3114; x_wconf 51' lang='grc' dir='ltr'><strong>φῶθ’</strong></span> 
     </span>
    </p>
   </div>
   <div class='ocr_carea' id='block_1_8' title="bbox 0 0 1088 3609">
    <p class='ocr_par' dir='ltr' id='par_1_15' title="bbox 0 0 1088 3609">
     <span class='ocr_line' id='line_1_29' title="bbox 0 0 1088 3609; baseline 0 1"><span class='ocrx_word' id='word_1_183' title='bbox 0 0 1088 3609; x_wconf 95' lang='lat' dir='ltr'><strong> </strong></span> 
     </span>
    </p>
   </div>
  </div>
 </body>
</html>
