2167 3609
124 373 152 419 ι.
164 374 219 432 rna
414 375 457 421 aa
479 372 625 420 orrrcns.
890 356 956 420 ’195

122 540 199 597 saepe
212 541 279 579 eum
294 524 376 580 boste
390 522 537 580 servanda.
576 521 667 583 Quod
682 521 757 578 enim
776 485 817 579 ita
833 523 909 600 jura·

120 626 184 674 turn
203 630 257 691 est,
279 631 311 677 ut
331 639 412 677 mens
439 620 605 693 conciperet
632 618 693 675 fieri
720 630 857 694 oportere,
878 621 908 679 id

121 716 293 773 servandum
315 728 373 774 est:
402 717 477 792 quod
505 716 596 785 aliter,
619 715 646 771 id
668 716 771 772 sinon
795 717 907 789 feceris,

121 812 233 868 nullum
247 823 291 869 est
305 814 477 890 perjurium:
499 822 539 883 ut,
555 812 579 869 si
592 812 776 889 praedonibus
792 830 907 889 paetum

120 927 174 983 pro
196 910 290 984 eapite
309 911 433 984 pretium
447 929 505 967 non
521 910 657 980 attuleris,
672 910 751 966 nulla
765 910 841 967 fraus
854 921 906 983 est,
923 921 939 970 5

121 1024 160 1063 ne
174 1005 198 1060 si
209 993 320 1080 juratus
336 1006 451 1081 quidem
467 1005 495 1062 id
510 1025 568 1062 non
590 1005 708 1062 seceris:
730 1025 796 1062 nam
816 1006 909 1082 pirata

121 1120 182 1159 non
209 1111 252 1157 est
272 1120 307 1157 ex
326 1101 517 1177 perduellium
543 1120 664 1158 numero
691 1101 834 1173 definitus,
857 1102 907 1159 sed

122 1197 286 1254 eommunis
306 1198 396 1254 hostis
416 1198 553 1255 omniurn.
595 1198 670 1255 Cum
690 1198 746 1255 hoo
764 1218 820 1256 neo
837 1197 908 1255 fides

120 1294 218 1365 debet,
239 1313 294 1351 neo
318 1295 517 1371 jusjurandum
538 1313 601 1351 esse
624 1314 784 1352 commune.
838 1293 907 1352 Nou

122 1390 201 1447 enim
222 1391 323 1448 falsum
342 1391 447 1466 jurare,
461 1391 607 1467 perjurare
626 1404 687 1448 est:
708 1392 768 1463 sed,
782 1392 858 1467 quod
872 1411 909 1449 ex
923 1399 955 1450 10

123 1486 212 1543 animi
232 1487 275 1543 tui
295 1487 438 1544 sententiis
455 1488 569 1563 jurdris,
584 1488 659 1544 sieut
673 1488 766 1545 verbis
782 1487 908 1563 coneipi-

120 1593 169 1639 tur
189 1601 269 1639 more
289 1588 398 1655 nostro,
420 1583 450 1640 id
470 1602 528 1640 non
554 1584 658 1656 lacere,
679 1584 835 1662 perjurium
855 1593 907 1642 est.

122 1679 205 1737 Scite
218 1679 294 1737 enim
310 1679 479 1756 Euripides:
832 1688 835 1694 '

227 1831 243 1857 “
251 1828 339 1877 Juravi
350 1828 446 1893 lingua,
457 1837 568 1879 mentem
579 1831 710 1895 injuratum
721 1831 806 1896 gero?

122 1965 257 2043 Regulus
270 1986 337 2024 vero
351 1986 409 2025 non
432 1969 531 2025 debuit
551 1970 733 2027 conditiones
751 1970 909 2045 pactiones·
924 1975 955 2025 15

116 2045 180 2136 ¹que
213 2064 332 2121 bellicas
365 2077 394 2121 et
427 2065 545 2121 hostiles
577 2066 743 2141 perturbare
774 2064 907 2140 perjurio.

46 2165 49 2168 ’
120 2159 200 2216 Cum
217 2160 294 2236 justo
308 2160 385 2217 enim
400 2171 428 2217 et
442 2160 572 2235 legitimo
586 2161 667 2217 hoste
682 2179 727 2216 res
741 2161 892 2236 gerebatur
900 2179 908 2230 ;

124 2256 261 2314 adversus
285 2275 369 2331 quern
393 2266 422 2313 et
445 2266 536 2335 totum
562 2256 609 2331 jus
633 2255 744 2325 feciale,
767 2265 797 2311 et
821 2255 911 2311 multa

123 2364 192 2411 sunt
213 2354 279 2429 jura
300 2352 470 2410 eommunia.
519 2351 611 2413 Quod
629 2350 659 2407 ni
679 2350 719 2407 ita
740 2360 823 2421 esset,
838 2369 910 2407 nun·

124 2467 211 2524 quam
232 2449 325 2505 claros
338 2448 414 2505 viros
434 2458 551 2505 senatus
563 2448 675 2504 vinctos
689 2446 818 2504 hostibus
832 2446 910 2503 dedi·
925 2449 957 2499 20

124 2545 221 2602 disset.

165 2734 266 2793 XXX,
288 2737 328 2793 At
341 2755 408 2794 vero
421 2737 458 2795 T.
470 2737 617 2809 Veturius,
632 2745 661 2793 et
675 2736 723 2811 Sp.
737 2731 910 2804 Postumius,

126 2848 195 2887 curn
223 2828 325 2887 iterum
354 2834 487 2889 consules
513 2841 619 2901 essent,
643 2830 720 2907 quia,
744 2846 810 2885 oum
837 2827 911 2884 male

124 2937 284 3001 pugnatum
306 2928 380 3002 apud
402 2927 545 2986 Caudium
566 2935 651 2995 esset,
669 2923 829 3000 legionibus
849 2941 911 2980 nos·

124 3018 179 3076 tris
198 3021 252 3077 sub
276 3020 377 3098 jugum
401 3021 504 3092 missis,
523 3037 626 3096 paoem
647 3036 713 3075 oum
736 3017 911 3075 Samnitibus
926 3012 958 3062 2⁵

126 3113 267 3188 fecerant,
288 3114 378 3172 dediti
402 3124 468 3172 sunt
489 3114 553 3172 his:
582 3112 691 3189 injussu
715 3111 792 3169 enim
814 3106 912 3186 populi
