2167 3609
81 373 175 436 nm]
370 375 414 422 nn
434 376 580 423 ommis.
857 366 912 428 1⁷⁹

80 523 171 581 etiam
197 523 221 581 si
247 523 276 581 id
301 522 403 599 possis,
427 524 507 581 nullo
534 524 691 594 refellente,
716 521 867 582 obtineret

80 620 212 676 Videsne
238 620 335 697 igitur,
357 620 413 677 hoc
434 620 595 695 proverbio,
616 638 708 695 neque
729 619 805 696 Gygi
825 619 867 678 illi

79 735 165 792 posse
178 717 292 774 veniam
306 716 377 787 dari,
392 735 486 792 neque
500 717 579 788 huic,
594 735 678 792 quem
696 717 783 792 paulo
802 726 867 774 ante

21 853 24 856 -
81 812 236 889 fingebam,
271 813 424 889 digitorum
458 813 653 889 percussione,
688 812 867 870 hereditates

81 909 212 966 omnium
245 928 329 984 posse
363 911 551 968 converteret
603 908 642 966 Ut
675 908 762 979 enim,
791 908 897 984 qundo

80 1017 164 1079 turpe
185 1015 238 1075 est,
253 1004 293 1075 id,
307 1005 436 1080 quamvis
457 1005 629 1075 occultetur,
650 1014 745 1061 tamen
765 1004 868 1063 hones·

81 1111 143 1157 tum
156 1101 219 1158 fieri
233 1101 313 1158 nullo
327 1101 414 1158 modo
427 1112 536 1175 potest;
559 1101 611 1171 sic,
627 1100 700 1175 quod
715 1100 866 1158 honestum

80 1215 140 1254 non
167 1207 221 1269 est,
242 1197 272 1253 id
298 1197 369 1255 utile
389 1206 421 1254 nt
441 1197 488 1268 sit,
509 1196 585 1253 effici
611 1214 670 1253 non
695 1206 798 1271 potest,
820 1196 868 1254 ad·

81 1304 212 1350 versante
226 1303 256 1350 et
269 1304 447 1371 repugnante
461 1293 572 1350 naturai.

120 1485 192 1542 XX.
219 1487 261 1542 At
281 1475 368 1556 enim,
389 1504 457 1543 cum
476 1504 634 1562 permagna
652 1485 769 1561 praemia
789 1493 865 1555 sunt,
880 1485 911 1535 1⁰

80 1591 124 1638 est
151 1601 239 1638 causa
265 1581 415 1657 peccandi.
469 1581 503 1637 C.
532 1580 644 1638 Marius
672 1581 753 1658 (cum
778 1600 794 1638 a
816 1598 866 1656 spe

80 1677 248 1735 consulatus
268 1677 355 1754 longe
376 1677 496 1748 abesset,
517 1688 546 1734 et
567 1677 626 1753 jam
647 1678 797 1752 septimum
819 1694 868 1733 an·

79 1790 153 1828 num
180 1784 243 1847 post
269 1784 421 1848 praetnram
451 1772 571 1848 jaceret,
599 1791 692 1850 neque
725 1772 866 1848 petiturus
905 1815 911 1826 ,

80 1886 208 1941 uuquam
241 1868 421 1924 consulatum
450 1868 607 1946 videretur)
633 1867 674 1929 Q.
702 1865 863 1940 Metellum,

80 1963 164 2039 cujus
190 1963 301 2040 legatus
328 1974 399 2035 erat,
424 1983 567 2021 summum
593 1963 685 2020 virum
709 1973 738 2020 et
762 1964 864 2036 civem,
879 1974 911 2024 15

80 2058 163 2136 (cum
191 2060 227 2116 ab
253 2078 299 2131 eo,
326 2059 497 2135 imperatore
523 2079 585 2131 suo,
611 2059 735 2117 Romam
761 2060 865 2118 missus

78 2157 169 2234 esset)
186 2157 261 2231 apud
280 2156 417 2232 populum
438 2156 604 2213 Romanum
626 2155 793 2213 criminatus
810 2165 863 2227 est,

78 2252 187 2309 bellum
209 2252 287 2309 illum
309 2252 432 2310 ducere:
453 2251 478 2308 si
499 2269 530 2307 se
550 2250 698 2307 consulem
719 2250 863 2321 fecissent,

78 2347 159 2405 brevi
180 2359 317 2424 tempore,
339 2360 387 2406 aut
407 2348 501 2405 vivum
522 2357 572 2404 ant
591 2357 735 2403 mortuum
761 2345 865 2422 Jugur·

78 2444 158 2503 ssiam
178 2464 210 2502 se
231 2444 261 2502 in
280 2456 449 2521 potestatem
469 2443 568 2521 populi
588 2443 713 2501 Romani
733 2443 864 2501 redactu·
877 2453 909 2503 20

78 2561 153 2600 rum.
195 2541 298 2616 Itaque
318 2542 411 2599 factus
424 2551 468 2598 est
481 2541 529 2597 ille
544 2540 658 2616 quidem
674 2539 790 2610 consul;
813 2539 864 2595 sed

79 2639 168 2695 afide
184 2638 352 2714 justitiaque
373 2638 514 2708 discessit,
527 2637 577 2713 qui
598 2636 736 2712 optimum
756 2646 784 2692 et
801 2652 864 2712 gra·

77 2734 228 2791 vissimum
248 2734 350 2805 civem,
365 2735 447 2810 cujus
466 2733 586 2810 legatus,
602 2743 630 2789 et
649 2752 666 2790 a
679 2751 736 2808 qno
749 2730 862 2803 missus,

77 2840 165 2901 esset,
180 2830 211 2887 in
225 2830 362 2888 invidiam
376 2831 446 2889 falso
459 2831 580 2888 crimine
594 2829 750 2886 adduxerit.

116 2926 167 2984 Ne
193 2938 291 3002 noster
317 2927 431 3002 quidem
461 2927 646 2984 Gratidianus
672 2924 768 2982 officio
795 2925 863 2984 boni
876 2933 908 2984 23

77 3023 132 3081 viri
153 3023 271 3081 functus
290 3033 333 3081 est
359 3034 429 3095 tum,
451 3042 517 3081 cum
543 3034 647 3099 praetor
674 3033 758 3093 esset,
779 3021 863 3080 colle·

77 3118 216 3202 ginmque
239 3130 392 3197 praetorum
415 3120 522 3179 tribuni
543 3119 635 3195 plebis
656 3118 862 3187 adhibuissent,
894 3151 899 3159 ·
