2167 3609
89 363 118 410 L.
129 362 185 422 m]
380 361 424 408 DE
445 360 592 408 omens.
874 349 930 408 153

89 515 197 584 oauaa;
225 513 310 570 aliam
330 512 472 570 rationem
492 531 556 570 esse
577 510 683 569 civium
697 509 882 585 reliquorum.

6 635 7 648 ¹
89 609 132 667 Hi
153 610 208 667 sibi
230 609 301 666 nihil
321 609 404 685 juris,
425 619 455 666 et
474 610 584 667 nullam
603 607 783 679 societatem,
804 624 883 664 oom-

87 706 186 763 munis
199 706 333 763 utilitatis
343 706 441 776 causti,
453 715 582 763 statuunt
595 723 659 762 esse
673 722 740 761 oum
755 703 881 760 civibus:

87 822 151 878 quae
172 802 317 860 sententia
336 822 453 860 omnem
473 803 641 859 societatem
662 800 795 858 distrahit
814 799 883 857 uivi-

87 898 163 956 tatis.
215 898 279 960 Qui
300 909 394 956 autem
416 898 522 955 civium
546 897 688 955 rationem
712 897 814 954 dieunt
833 896 912 954 ha·5

86 994 224 1066 bendum,
245 1004 429 1052 extemornm
453 1004 570 1070 negant,
592 994 621 1050 hi
643 993 783 1051 dirimunt
804 1010 883 1050 oom-

84 1110 206 1149 munem
221 1091 340 1148 humani
354 1091 469 1168 generis
483 1090 668 1161 societatem3
690 1089 747 1165 qui
757 1088 880 1160 sublati,

85 1186 291 1259 beneficentia,
311 1187 478 1260 liberalitas,
499 1186 624 1259 bonitas,
643 1186 764 1263 justitia,
786 1184 881 1243 fundi·

85 1295 133 1342 tus
160 1284 287 1341 tollitur:
322 1303 385 1358 quae
412 1284 461 1359 qui
488 1284 601 1355 tollunt,
630 1283 717 1340 etiam
746 1284 881 1341 adversus

85 1380 167 1437 Deos
188 1380 363 1439 immortales
390 1380 472 1456 impii
496 1379 648 1456 judicandi
675 1389 760 1438 sunt:
789 1379 825 1437 ab
845 1378 881 1436 iis
896 1389 927 1440 1⁰

84 1477 166 1535 enim
180 1478 367 1535 constitutam
381 1478 456 1536 inter
471 1478 603 1535 homines
618 1477 787 1535 societatem
803 1492 881 1533 ever·

84 1584 169 1644 tunt;
205 1575 288 1650 cujus
321 1574 470 1634 societatis
505 1574 699 1632 arctissimum
731 1572 880 1630 vinculum

84 1682 141 1744 est,
156 1672 248 1749 magis
270 1672 400 1729 arbitrari
421 1691 485 1729 esse
505 1682 608 1729 oontra
627 1681 770 1742 naturam,
790 1667 881 1727 homi·

84 1787 154 1825 nem
188 1769 297 1827 homini
332 1770 492 1841 detrahere,
520 1768 565 1826 sui
600 1767 746 1826 commodi
780 1765 879 1838 caan,

84 1883 172 1939 quam
194 1865 293 1923 omnia
313 1865 499 1923 incommoda
519 1864 616 1922 subire
631 1864 675 1922 vel
692 1874 821 1936 externa,
836 1863 879 1921 rel
895 1868 926 1919 u

85 1961 226 2037 corporis,
248 1962 291 2019 vel
319 1962 407 2020 etiam
441 1962 530 2038 ipsius
566 1961 663 2033 animi,
685 1980 749 2035 que
775 1968 880 2019 vacent

81 2057 205 2134 justitia.
260 2058 334 2117 Haeo
361 2058 440 2118 enim
471 2078 531 2116 una
557 2057 647 2115 virtus
680 2056 810 2114 omnium
836 2065 880 2114 est

84 2153 206 2213 domina
218 2165 249 2213 et
262 2157 363 2233 regina
377 2156 523 2213 virtutum.

124 2251 262 2310 Forsitan
289 2253 431 2329 quispiam
465 2251 587 2309 dixerit:
623 2248 758 2328 “Nonne
792 2248 880 2325 igitur

84 2348 212 2425 sapiens,
246 2349 271 2406 si
305 2350 380 2408 same
415 2350 476 2425 ipse
514 2346 696 2418 conficiatur,
731 2344 880 2403 abstulerit
893 2352 926 2403 2⁰

5 2461 7 2486 1
84 2446 185 2504 oibum
221 2446 313 2519 alteri,
341 2446 453 2505 homini
481 2446 517 2503 ad
544 2444 653 2502 nullam
681 2462 743 2502 rem
770 2441 878 2500 utilil”

84 2541 211 2600 Minime
238 2562 314 2600 vero.
356 2543 426 2601 Non
453 2543 531 2600 enim
558 2525 635 2599 mihi¹
657 2550 700 2598 est
727 2540 787 2597 vita
814 2557 881 2607 mea

84 2638 196 2711 utilior,
218 2658 303 2713 quam
327 2640 416 2697 animi
442 2640 508 2697 talia
536 2639 660 2709 affeotio,
681 2637 826 2696 neminem
848 2646 881 2711 ut

83 2735 191 2793 violem
213 2736 359 2794 commodi
380 2737 436 2793 mei
457 2736 559 2813 gratia.
599 2734 703 2796 Quidl
730 2733 755 2791 si
779 2732 880 2791 Phala·

83 2831 150 2903 rim‚
166 2834 313 2890 crudelem
327 2844 481 2909 tyrannum
495 2843 524 2891 et
538 2832 704 2902 immanem,
718 2831 761 2888 vir
775 2830 878 2903 bonus,
892 2837 925 2888 25

82 2948 122 2986 ne
134 2929 196 3005 ipse
207 2930 313 3007 frigore
328 2931 508 3001 conficiatur,
519 2929 623 2987 vestitu
638 2928 760 3004 spoliare
773 2927 878 3003 possit3

82 3044 185 3088 nonne
200 3026 307 3085 faciat?
348 3027 423 3085 Haeo
440 3027 476 3084 ad
493 3025 684 3103 judioandum
698 3035 764 3082 sunt
778 3023 880 3083 facilli-

83 3142 141 3182 ma
184 3123 274 3196 Nam,
287 3124 397 3199 siquid
411 3124 448 3183 ab
461 3122 579 3183 homine
593 3122 629 3180 ad
642 3121 750 3181 nullam
768 3129 880 3198 putem
