2167 3609
117 368 147 415 n.
158 369 190 428 r]
424 367 468 414 on
486 367 633 415 omrcns.
923 360 964 419 87

120 517 283 597 gregabilia
302 517 407 576 naturai
427 518 494 592 sint,
512 519 625 597 tingunt
645 518 741 591 fav0s3
762 519 806 578 sic
826 519 918 578 homi·

101 635 183 688 mes,
207 634 242 673 ac
262 616 354 673 multo
375 616 462 673 etiam
483 617 585 694 magis,
607 618 710 675 naturis
736 618 916 695 congregati,

121 712 262 770 adhibent
290 712 395 789 agendi
423 713 628 790 cogitandique
655 713 808 773 solertiam.
861 715 918 772 Ita·

85 847 87 852 ·
119 828 188 883 que,
211 808 268 866 nisi
289 827 324 866 ea
344 810 444 881 virtus,
466 829 529 885 quae
554 820 668 868 constat
692 829 728 868 ex
751 812 917 869 hominibus

117 889 249 978 tuendis,
278 906 308 962 id
336 916 389 977 est,
418 925 454 963 ex
481 907 621 964 societate
648 908 763 984 generis
789 908 950 981 humani‚5

118 1002 247 1079 attingat
267 1003 464 1079 cognitionem
484 1022 590 1076 rerum,
606 1004 732 1081 solivaga
746 1005 875 1081 cognitio
889 1015 918 1062 et

118 1099 221 1177 jejuna
254 1100 392 1158 videatur.
446 1100 579 1175 Itemque
613 1101 783 1177 magnitudo
819 1101 918 1173 animi,

118 1196 234 1254 remoti
261 1198 470 1254 communitate
494 1197 757 1274 coniunctioneque
781 1198 918 1269 humanit,

122 1293 223 1352 feritas
250 1294 287 1350 sit
315 1294 447 1368 quaedam
475 1305 504 1351 et
532 1294 704 1352 immanitas.
746 1294 792 1351 Ita
818 1295 859 1366 fit,
887 1303 919 1352 ut

118 1389 222 1446 vincat
237 1390 411 1466 cognitionis
425 1390 552 1448 studium
571 1390 750 1449 consociatio
771 1391 919 1449 hominum
936 1393 966 1442 1⁰

119 1495 211 1560 atque
226 1487 429 1544 communitas.

162 1580 231 1639 Nec
257 1601 357 1640 verum
385 1594 438 1655 est,
466 1584 544 1658 quod
571 1582 677 1641 dicitur
699 1603 716 1642 a
735 1583 918 1659 quibusdam,

119 1688 241 1756 propter
261 1679 465 1736 necessitatem
485 1680 561 1752 vitm,
576 1680 653 1755 quod
672 1699 716 1752 ea,
731 1700 794 1755 quas
815 1685 920 1738 natura

123 1775 313 1847 desideraret,
335 1775 474 1851 consequi
502 1777 564 1833 siue
589 1776 662 1848 aliis,
685 1787 768 1852 atque
792 1778 917 1849 efficere,

118 1891 182 1931 non
197 1890 358 1948 possemus,
370 1872 480 1930 idcirco
494 1873 578 1930 istam
592 1892 657 1931 esse
671 1893 739 1931 cum
752 1875 919 1932 hominibus
935 1873 967 1923 15

120 1968 364 2026 communitatem
384 1978 414 2025 et
434 1970 612 2027 societatem.
662 1970 754 2031 Quod
775 1971 799 2027 si
821 1971 920 2028 omnia

122 2062 220 2135 nobis,
235 2083 299 2138 quar
314 2064 348 2120 ad
363 2064 471 2121 victum
486 2065 655 2139 cultumque
667 2066 823 2140 pertinent,
837 2067 919 2141 qussi

121 2160 237 2238 virgulis
264 2160 372 2233 divinit,
394 2171 426 2219 ut
451 2161 541 2232 aiunt,
563 2162 829 2237 suppeditarentur3
857 2173 919 2219 tum

118 2258 234 2333 optimo
255 2258 377 2332 quisque
397 2258 527 2335 ingenie,
541 2257 667 2333 negotiis
687 2257 821 2313 omnibns
835 2257 920 2313 omis-

117 2355 173 2426 sis,
188 2364 281 2412 totum
296 2352 328 2411 se'
341 2355 372 2411 in
387 2354 556 2431 cognitione
570 2363 599 2410 et
613 2352 736 2409 scientiis
752 2352 917 2411 collocaret.
934 2357 966 2409 2⁰

119 2450 193 2510 Non
221 2460 265 2507 est
292 2451 350 2510 ita:
377 2470 445 2508 nam
473 2460 502 2507 et
530 2449 713 2507 solitudinem
742 2449 862 2526 sugeret,
890 2462 920 2508 et

117 2547 238 2605 socium
253 2547 341 2605 studii
355 2558 511 2623 quaereret:
533 2559 594 2605 tum
609 2548 723 2619 docere,
736 2557 795 2603 tum
806 2547 919 2604 discere

117 2644 220 2717 veilet,
248 2654 310 2702 tum
339 2644 450 2715 andire,
477 2654 539 2701 tum
568 2644 675 2701 dicere.
724 2643 804 2720 Ergo
832 2662 918 2701 omne

117 2739 263 2811 officium,
285 2738 364 2814 quod
386 2738 422 2796 ad
447 2739 681 2814 conjunctionem
709 2738 868 2809 hominum,
889 2749 919 2796 et

121 2836 159 2894 ad
175 2835 347 2893 societatem
368 2835 504 2893 tuendam
526 2835 611 2906 valet,
627 2834 857 2909 anteponendum
875 2845 918 2892 est
933 2837 965 2886 ἐῶ

120 2931 165 2992 itli
193 2932 303 3005 officio,
323 2932 402 3010 quod
429 2931 597 3009 cognitione
623 2941 653 2988 et
679 2930 802 2990 scientia
829 2931 919 2992 conti-

115 3038 218 3090 aretur.
