<?xml version="1.0" encoding="UTF-8"?>
<!DOCTYPE html PUBLIC "-//W3C//DTD XHTML 1.0 Transitional//EN"
    "http://www.w3.org/TR/xhtml1/DTD/xhtml1-transitional.dtd">
<html xmlns="http://www.w3.org/1999/xhtml" xml:lang="en" lang="en">
 <head>
  <title>
</title>
<meta http-equiv="Content-Type" content="text/html;charset=utf-8" />
  <meta name='ocr-system' content='tesseract 3.04.00' />
  <meta name='ocr-capabilities' content='ocr_page ocr_carea ocr_par ocr_line ocrx_word'/>
</head>
<body>
  <div class='ocr_page' id='page_1' title='image "./mtciceronisdeof01dillgoog/mtciceronisdeof01dillgoog_0100.png"; bbox 0 0 2167 3609; ppageno 0'>
   <div class='ocr_carea' id='block_1_1' title="bbox 138 354 980 427">
    <p class='ocr_par' dir='ltr' id='par_1_1' title="bbox 138 354 980 427">
     <span class='ocr_line' id='line_1_1' title="bbox 138 354 980 427; baseline 0 -15"><span class='ocrx_word' id='word_1_1' title='bbox 138 354 179 413; x_wconf 81' lang='grc'>94</span> <span class='ocrx_word' id='word_1_2' title='bbox 480 366 524 414; x_wconf 81' lang='lat' dir='ltr'>nn</span> <span class='ocrx_word' id='word_1_3' title='bbox 544 367 689 415; x_wconf 79' lang='lat' dir='ltr'>onmcns.</span> <span class='ocrx_word' id='word_1_4' title='bbox 890 366 980 427; x_wconf 73' lang='lat' dir='ltr'>[nn.</span> 
     </span>
    </p>
   </div>
   <div class='ocr_carea' id='block_1_2' title="bbox 123 512 981 1360">
    <p class='ocr_par' dir='ltr' id='par_1_2' title="bbox 123 512 981 1263">
     <span class='ocr_line' id='line_1_2' title="bbox 186 512 981 590; baseline 0.004 -21"><span class='ocrx_word' id='word_1_5' title='bbox 186 512 280 588; x_wconf 90' lang='lat' dir='ltr'>ipsum</span> <span class='ocrx_word' id='word_1_6' title='bbox 312 513 460 589; x_wconf 71' lang='lat' dir='ltr'>probabile</span> <span class='ocrx_word' id='word_1_7' title='bbox 487 514 602 575; x_wconf 84' lang='lat' dir='ltr'>elucere</span> <span class='ocrx_word' id='word_1_8' title='bbox 628 533 688 572; x_wconf 89' lang='lat' dir='ltr'>non</span> <span class='ocrx_word' id='word_1_9' title='bbox 713 512 815 590; x_wconf 83' lang='lat' dir='ltr'><strong>possit,</strong></span> <span class='ocrx_word' id='word_1_10' title='bbox 842 512 909 585; x_wconf 88' lang='lat' dir='ltr'>nisi,</span> <span class='ocrx_word' id='word_1_11' title='bbox 935 532 981 572; x_wconf 75' lang='lat' dir='ltr'>ex</span> 
     </span>
     <span class='ocr_line' id='line_1_3' title="bbox 186 609 977 686; baseline 0.005 -21"><span class='ocrx_word' id='word_1_12' title='bbox 186 609 308 683; x_wconf 75' lang='lat' dir='ltr'>utrique</span> <span class='ocrx_word' id='word_1_13' title='bbox 334 620 423 686; x_wconf 91' lang='lat' dir='ltr'>parte,</span> <span class='ocrx_word' id='word_1_14' title='bbox 445 629 596 668; x_wconf 89' lang='lat' dir='ltr'>oausarum</span> <span class='ocrx_word' id='word_1_15' title='bbox 620 620 695 668; x_wconf 86' lang='lat' dir='ltr'>esset</span> <span class='ocrx_word' id='word_1_16' title='bbox 716 609 793 667; x_wconf 80' lang='lat' dir='ltr'>faeta</span> <span class='ocrx_word' id='word_1_17' title='bbox 814 610 977 669; x_wconf 81' lang='lat' dir='ltr'>contentio.</span> 
     </span>
     <span class='ocr_line' id='line_1_4' title="bbox 123 705 980 796; baseline 0.001 -34"><span class='ocrx_word' id='word_1_18' title='bbox 123 715 126 720; x_wconf 86' lang='lat'>&#39;</span> <span class='ocrx_word' id='word_1_19' title='bbox 187 705 247 762; x_wconf 84' lang='lat' dir='ltr'>Sed</span> <span class='ocrx_word' id='word_1_20' title='bbox 266 705 329 762; x_wconf 76' lang='lat' dir='ltr'>haeo</span> <span class='ocrx_word' id='word_1_21' title='bbox 349 706 501 780; x_wconf 84' lang='lat' dir='ltr'>explanata</span> <span class='ocrx_word' id='word_1_22' title='bbox 520 715 588 763; x_wconf 89' lang='lat' dir='ltr'>sunt</span> <span class='ocrx_word' id='word_1_23' title='bbox 608 706 637 763; x_wconf 91' lang='lat' dir='ltr'>in</span> <span class='ocrx_word' id='word_1_24' title='bbox 652 706 886 796; x_wconf 71' lang='lat' dir='ltr'>“Academicis”</span> <span class='ocrx_word' id='word_1_25' title='bbox 908 724 980 764; x_wconf 86' lang='lat' dir='ltr'>nos·</span> 
     </span>
     <span class='ocr_line' id='line_1_5' title="bbox 187 801 976 878; baseline 0 -20"><span class='ocrx_word' id='word_1_26' title='bbox 187 801 238 859; x_wconf 84' lang='lat' dir='ltr'>tris</span> <span class='ocrx_word' id='word_1_27' title='bbox 258 802 336 874; x_wconf 89' lang='lat' dir='ltr'>satis,</span> <span class='ocrx_word' id='word_1_28' title='bbox 357 812 389 860; x_wconf 92' lang='lat' dir='ltr'>ut</span> <span class='ocrx_word' id='word_1_29' title='bbox 409 802 539 874; x_wconf 79' lang='lat' dir='ltr'>arbitror,</span> <span class='ocrx_word' id='word_1_30' title='bbox 560 802 721 878; x_wconf 73' lang='lat' dir='ltr'>diligenter.</span> <span class='ocrx_word' id='word_1_31' title='bbox 773 801 843 859; x_wconf 89' lang='lat' dir='ltr'>Tibi</span> <span class='ocrx_word' id='word_1_32' title='bbox 866 812 976 874; x_wconf 89' lang='lat' dir='ltr'>autem,</span> 
     </span>
     <span class='ocr_line' id='line_1_6' title="bbox 155 897 975 973; baseline 0.002 -20"><span class='ocrx_word' id='word_1_33' title='bbox 155 898 227 955; x_wconf 74' lang='lat' dir='ltr'>omi</span> <span class='ocrx_word' id='word_1_34' title='bbox 247 898 363 969; x_wconf 83' lang='lat' dir='ltr'>Cicero,</span> <span class='ocrx_word' id='word_1_35' title='bbox 378 917 540 973; x_wconf 89' lang='lat' dir='ltr'>quanquam</span> <span class='ocrx_word' id='word_1_36' title='bbox 562 898 592 955; x_wconf 91' lang='lat' dir='ltr'>in</span> <span class='ocrx_word' id='word_1_37' title='bbox 614 897 812 973; x_wconf 70' lang='lat' dir='ltr'>antiquissimi</span> <span class='ocrx_word' id='word_1_38' title='bbox 831 897 975 956; x_wconf 90' lang='lat' dir='ltr'>nobilissi-</span> 
     </span>
     <span class='ocr_line' id='line_1_7' title="bbox 187 993 973 1070; baseline -0.001 -19"><span class='ocrx_word' id='word_1_39' title='bbox 187 994 290 1070; x_wconf 74' lang='lat' dir='ltr'>mique</span> <span class='ocrx_word' id='word_1_40' title='bbox 315 994 507 1070; x_wconf 65' lang='lat' dir='ltr'>philosophiis,</span> <span class='ocrx_word' id='word_1_41' title='bbox 528 993 666 1070; x_wconf 84' lang='lat' dir='ltr'>Cratippo</span> <span class='ocrx_word' id='word_1_42' title='bbox 694 1004 820 1065; x_wconf 84' lang='lat' dir='ltr'>auctore,</span> <span class='ocrx_word' id='word_1_43' title='bbox 841 994 973 1067; x_wconf 85' lang='lat' dir='ltr'>versaris,</span> 
     </span>
     <span class='ocr_line' id='line_1_8' title="bbox 187 1089 973 1169; baseline -0.001 -22"><span class='ocrx_word' id='word_1_44' title='bbox 187 1090 223 1148; x_wconf 94' lang='lat' dir='ltr'>iis</span> <span class='ocrx_word' id='word_1_45' title='bbox 256 1090 412 1163; x_wconf 91' lang='lat' dir='ltr'>simillimo,</span> <span class='ocrx_word' id='word_1_46' title='bbox 446 1090 495 1165; x_wconf 90' lang='lat' dir='ltr'>qui</span> <span class='ocrx_word' id='word_1_47' title='bbox 528 1090 584 1148; x_wconf 91' lang='lat' dir='ltr'>ista</span> <span class='ocrx_word' id='word_1_48' title='bbox 615 1089 753 1167; x_wconf 77' lang='lat' dir='ltr'>praeclara</span> <span class='ocrx_word' id='word_1_49' title='bbox 783 1097 973 1169; x_wconf 82' lang='lat' dir='ltr'>pepereruht3</span> 
     </span>
     <span class='ocr_line' id='line_1_9' title="bbox 187 1186 975 1263; baseline -0.001 -19"><span class='ocrx_word' id='word_1_50' title='bbox 187 1198 284 1244; x_wconf 90' lang='lat' dir='ltr'>tamen</span> <span class='ocrx_word' id='word_1_51' title='bbox 305 1187 368 1245; x_wconf 84' lang='lat' dir='ltr'>haeo</span> <span class='ocrx_word' id='word_1_52' title='bbox 394 1197 499 1259; x_wconf 91' lang='lat' dir='ltr'>nostra,</span> <span class='ocrx_word' id='word_1_53' title='bbox 520 1186 642 1244; x_wconf 88' lang='lat' dir='ltr'>finitima</span> <span class='ocrx_word' id='word_1_54' title='bbox 661 1186 771 1256; x_wconf 85' lang='lat' dir='ltr'>vestris,</span> <span class='ocrx_word' id='word_1_55' title='bbox 792 1186 890 1263; x_wconf 82' lang='lat' dir='ltr'>ignota</span> <span class='ocrx_word' id='word_1_56' title='bbox 910 1204 975 1243; x_wconf 89' lang='lat' dir='ltr'>esse</span> 
     </span>
    </p>

    <p class='ocr_par' dir='ltr' id='par_1_3' title="bbox 165 1282 815 1360">
     <span class='ocr_line' id='line_1_10' title="bbox 165 1282 815 1360; baseline -0.002 -20"><span class='ocrx_word' id='word_1_57' title='bbox 165 1293 169 1298; x_wconf 83' lang='lat'>&#39;</span> <span class='ocrx_word' id='word_1_58' title='bbox 187 1282 277 1340; x_wconf 90' lang='lat' dir='ltr'>nolui.</span> <span class='ocrx_word' id='word_1_59' title='bbox 319 1283 377 1341; x_wconf 87' lang='lat' dir='ltr'>Sed</span> <span class='ocrx_word' id='word_1_60' title='bbox 388 1283 448 1359; x_wconf 90' lang='lat' dir='ltr'>jam</span> <span class='ocrx_word' id='word_1_61' title='bbox 462 1283 498 1340; x_wconf 91' lang='lat' dir='ltr'>ad</span> <span class='ocrx_word' id='word_1_62' title='bbox 512 1283 643 1341; x_wconf 89' lang='lat' dir='ltr'>instituta</span> <span class='ocrx_word' id='word_1_63' title='bbox 655 1301 815 1360; x_wconf 82' lang='lat' dir='ltr'>pergamus.</span> 
     </span>
    </p>
   </div>
   <div class='ocr_carea' id='block_1_3' title="bbox 142 1472 976 1841">
    <p class='ocr_par' dir='ltr' id='par_1_4' title="bbox 142 1472 976 1841">
     <span class='ocr_line' id='line_1_11' title="bbox 142 1472 975 1553; baseline -0.001 -20"><span class='ocrx_word' id='word_1_64' title='bbox 142 1484 173 1534; x_wconf 88' lang='lat'>10</span> <span class='ocrx_word' id='word_1_65' title='bbox 227 1472 281 1532; x_wconf 90' lang='lat' dir='ltr'><strong>III.</strong></span> <span class='ocrx_word' id='word_1_66' title='bbox 302 1474 442 1550; x_wconf 76' lang='lat' dir='ltr'>Quinque</span> <span class='ocrx_word' id='word_1_67' title='bbox 456 1474 542 1553; x_wconf 86' lang='lat' dir='ltr'>igitur</span> <span class='ocrx_word' id='word_1_68' title='bbox 554 1474 713 1534; x_wconf 87' lang='lat' dir='ltr'>rationibus</span> <span class='ocrx_word' id='word_1_69' title='bbox 722 1474 874 1552; x_wconf 90' lang='lat' dir='ltr'>propositis</span> <span class='ocrx_word' id='word_1_70' title='bbox 884 1473 975 1532; x_wconf 89' lang='lat' dir='ltr'>offioii</span> 
     </span>
     <span class='ocr_line' id='line_1_12' title="bbox 188 1571 976 1647; baseline 0.001 -20"><span class='ocrx_word' id='word_1_71' title='bbox 188 1572 387 1647; x_wconf 88' lang='lat' dir='ltr'>persequendi,</span> <span class='ocrx_word' id='word_1_72' title='bbox 402 1587 523 1646; x_wconf 89' lang='lat' dir='ltr'>quarum</span> <span class='ocrx_word' id='word_1_73' title='bbox 544 1571 608 1628; x_wconf 82' lang='lat' dir='ltr'>duae</span> <span class='ocrx_word' id='word_1_74' title='bbox 629 1572 665 1629; x_wconf 92' lang='lat' dir='ltr'>ad</span> <span class='ocrx_word' id='word_1_75' title='bbox 679 1572 769 1629; x_wconf 85' lang='lat' dir='ltr'>decus</span> <span class='ocrx_word' id='word_1_76' title='bbox 783 1571 976 1629; x_wconf 84' lang='lat' dir='ltr'>honestatem·</span> 
     </span>
     <span class='ocr_line' id='line_1_13' title="bbox 189 1666 974 1743; baseline 0 -20"><span class='ocrx_word' id='word_1_77' title='bbox 189 1684 245 1740; x_wconf 90' lang='lat' dir='ltr'>que</span> <span class='ocrx_word' id='word_1_78' title='bbox 267 1666 427 1741; x_wconf 83' lang='lat' dir='ltr'>pertinent3</span> <span class='ocrx_word' id='word_1_79' title='bbox 455 1668 519 1725; x_wconf 85' lang='lat' dir='ltr'>duae</span> <span class='ocrx_word' id='word_1_80' title='bbox 540 1666 576 1725; x_wconf 90' lang='lat' dir='ltr'>ad</span> <span class='ocrx_word' id='word_1_81' title='bbox 597 1669 748 1726; x_wconf 81' lang='lat' dir='ltr'>commoda</span> <span class='ocrx_word' id='word_1_82' title='bbox 766 1668 841 1738; x_wconf 73' lang='lat' dir='ltr'>vite,</span> <span class='ocrx_word' id='word_1_83' title='bbox 863 1666 974 1743; x_wconf 82' lang='lat' dir='ltr'>copias,</span> 
     </span>
     <span class='ocr_line' id='line_1_14' title="bbox 189 1761 974 1841; baseline 0.001 -23"><span class='ocrx_word' id='word_1_84' title='bbox 189 1780 268 1837; x_wconf 90' lang='lat' dir='ltr'>opes,</span> <span class='ocrx_word' id='word_1_85' title='bbox 284 1761 449 1833; x_wconf 59' lang='lat' dir='ltr'>facultatem</span> <span class='ocrx_word' id='word_1_86' title='bbox 470 1763 572 1838; x_wconf 89' lang='lat' dir='ltr'>quinta</span> <span class='ocrx_word' id='word_1_87' title='bbox 586 1764 621 1821; x_wconf 91' lang='lat' dir='ltr'>ad</span> <span class='ocrx_word' id='word_1_88' title='bbox 636 1763 762 1841; x_wconf 82' lang='lat' dir='ltr'>eligendi</span> <span class='ocrx_word' id='word_1_89' title='bbox 780 1763 933 1840; x_wconf 83' lang='lat' dir='ltr'>judicium,</span> <span class='ocrx_word' id='word_1_90' title='bbox 948 1762 974 1820; x_wconf 90' lang='lat' dir='ltr'>si</span> 
     </span>
    </p>
   </div>
   <div class='ocr_carea' id='block_1_4' title="bbox 141 1859 978 3181">
    <p class='ocr_par' dir='ltr' id='par_1_5' title="bbox 141 1859 978 3181">
     <span class='ocr_line' id='line_1_15' title="bbox 189 1859 975 1937; baseline 0.001 -22"><span class='ocrx_word' id='word_1_91' title='bbox 189 1859 303 1932; x_wconf 89' lang='lat' dir='ltr'>quando</span> <span class='ocrx_word' id='word_1_92' title='bbox 323 1878 367 1930; x_wconf 90' lang='lat' dir='ltr'>ea,</span> <span class='ocrx_word' id='word_1_93' title='bbox 382 1877 444 1934; x_wconf 82' lang='lat' dir='ltr'>quae</span> <span class='ocrx_word' id='word_1_94' title='bbox 465 1859 534 1931; x_wconf 85' lang='lat' dir='ltr'>dixi,</span> <span class='ocrx_word' id='word_1_95' title='bbox 549 1879 678 1937; x_wconf 83' lang='lat' dir='ltr'>pugnare</span> <span class='ocrx_word' id='word_1_96' title='bbox 698 1860 773 1917; x_wconf 91' lang='lat' dir='ltr'>inter</span> <span class='ocrx_word' id='word_1_97' title='bbox 793 1879 825 1916; x_wconf 90' lang='lat' dir='ltr'>se</span> <span class='ocrx_word' id='word_1_98' title='bbox 844 1860 975 1918; x_wconf 86' lang='lat' dir='ltr'>videren-</span> 
     </span>
     <span class='ocr_line' id='line_1_16' title="bbox 143 1947 975 2032; baseline 0.002 -22"><span class='ocrx_word' id='word_1_99' title='bbox 143 1952 174 2001; x_wconf 87' lang='lat'>15</span> <span class='ocrx_word' id='word_1_100' title='bbox 189 1963 251 2024; x_wconf 83' lang='lat' dir='ltr'>tnr3</span> <span class='ocrx_word' id='word_1_101' title='bbox 273 1947 431 2013; x_wconf 82' lang='lat' dir='ltr'>honestatis</span> <span class='ocrx_word' id='word_1_102' title='bbox 450 1975 516 2032; x_wconf 89' lang='lat' dir='ltr'>pars</span> <span class='ocrx_word' id='word_1_103' title='bbox 536 1956 672 2014; x_wconf 79' lang='lat' dir='ltr'>confecta</span> <span class='ocrx_word' id='word_1_104' title='bbox 691 1966 744 2028; x_wconf 91' lang='lat' dir='ltr'>est,</span> <span class='ocrx_word' id='word_1_105' title='bbox 758 1975 843 2032; x_wconf 91' lang='lat' dir='ltr'>quam</span> <span class='ocrx_word' id='word_1_106' title='bbox 857 1956 975 2030; x_wconf 92' lang='lat' dir='ltr'>quidem</span> 
     </span>
     <span class='ocr_line' id='line_1_17' title="bbox 189 2049 975 2127; baseline 0.003 -20"><span class='ocrx_word' id='word_1_107' title='bbox 189 2049 242 2107; x_wconf 90' lang='lat' dir='ltr'>tibi</span> <span class='ocrx_word' id='word_1_108' title='bbox 257 2051 342 2127; x_wconf 91' lang='lat' dir='ltr'>oupio</span> <span class='ocrx_word' id='word_1_109' title='bbox 356 2070 420 2109; x_wconf 92' lang='lat' dir='ltr'>esse</span> <span class='ocrx_word' id='word_1_110' title='bbox 433 2051 621 2112; x_wconf 86' lang='lat' dir='ltr'>notissimam.</span> <span class='ocrx_word' id='word_1_111' title='bbox 663 2051 731 2109; x_wconf 90' lang='lat' dir='ltr'>Hoo</span> <span class='ocrx_word' id='word_1_112' title='bbox 746 2062 850 2123; x_wconf 88' lang='lat' dir='ltr'>autem,</span> <span class='ocrx_word' id='word_1_113' title='bbox 865 2051 901 2108; x_wconf 93' lang='lat' dir='ltr'>de</span> <span class='ocrx_word' id='word_1_114' title='bbox 915 2068 975 2126; x_wconf 90' lang='lat' dir='ltr'>quo</span> 
     </span>
     <span class='ocr_line' id='line_1_18' title="bbox 189 2146 974 2223; baseline 0.001 -20"><span class='ocrx_word' id='word_1_115' title='bbox 189 2164 268 2204; x_wconf 90' lang='lat' dir='ltr'>nuno</span> <span class='ocrx_word' id='word_1_116' title='bbox 283 2146 403 2223; x_wconf 83' lang='lat' dir='ltr'>agimus,</span> <span class='ocrx_word' id='word_1_117' title='bbox 415 2147 444 2205; x_wconf 88' lang='lat' dir='ltr'>id</span> <span class='ocrx_word' id='word_1_118' title='bbox 459 2147 552 2223; x_wconf 91' lang='lat' dir='ltr'>ipsum</span> <span class='ocrx_word' id='word_1_119' title='bbox 566 2158 619 2220; x_wconf 89' lang='lat' dir='ltr'>est,</span> <span class='ocrx_word' id='word_1_120' title='bbox 631 2148 707 2223; x_wconf 92' lang='lat' dir='ltr'>quod</span> <span class='ocrx_word' id='word_1_121' title='bbox 722 2148 792 2206; x_wconf 88' lang='lat' dir='ltr'>utile</span> <span class='ocrx_word' id='word_1_122' title='bbox 807 2147 974 2223; x_wconf 87' lang='lat' dir='ltr'>appellatur.</span> 
     </span>
     <span class='ocr_line' id='line_1_19' title="bbox 189 2240 976 2319; baseline 0.001 -20"><span class='ocrx_word' id='word_1_123' title='bbox 189 2240 226 2300; x_wconf 91' lang='lat' dir='ltr'>In</span> <span class='ocrx_word' id='word_1_124' title='bbox 240 2261 297 2317; x_wconf 91' lang='lat' dir='ltr'>quo</span> <span class='ocrx_word' id='word_1_125' title='bbox 310 2242 391 2319; x_wconf 86' lang='lat' dir='ltr'>lapsa</span> <span class='ocrx_word' id='word_1_126' title='bbox 410 2244 590 2301; x_wconf 83' lang='lat' dir='ltr'>consuetudo</span> <span class='ocrx_word' id='word_1_127' title='bbox 604 2243 721 2301; x_wconf 81' lang='lat' dir='ltr'>deflerit</span> <span class='ocrx_word' id='word_1_128' title='bbox 734 2245 770 2301; x_wconf 90' lang='lat' dir='ltr'>de</span> <span class='ocrx_word' id='word_1_129' title='bbox 784 2243 840 2315; x_wconf 81' lang='lat' dir='ltr'>via,</span> <span class='ocrx_word' id='word_1_130' title='bbox 854 2243 976 2301; x_wconf 89' lang='lat' dir='ltr'>sensim-</span> 
     </span>
     <span class='ocr_line' id='line_1_20' title="bbox 189 2339 975 2413; baseline 0.001 -18"><span class='ocrx_word' id='word_1_131' title='bbox 189 2357 245 2413; x_wconf 86' lang='lat' dir='ltr'>que</span> <span class='ocrx_word' id='word_1_132' title='bbox 265 2358 301 2397; x_wconf 92' lang='lat' dir='ltr'>eo</span> <span class='ocrx_word' id='word_1_133' title='bbox 321 2339 446 2398; x_wconf 82' lang='lat' dir='ltr'>deducta</span> <span class='ocrx_word' id='word_1_134' title='bbox 465 2349 517 2411; x_wconf 92' lang='lat' dir='ltr'>est,</span> <span class='ocrx_word' id='word_1_135' title='bbox 532 2349 574 2411; x_wconf 93' lang='lat' dir='ltr'>ut,</span> <span class='ocrx_word' id='word_1_136' title='bbox 595 2340 775 2397; x_wconf 85' lang='lat' dir='ltr'>honestatem</span> <span class='ocrx_word' id='word_1_137' title='bbox 795 2339 831 2396; x_wconf 92' lang='lat' dir='ltr'>ah</span> <span class='ocrx_word' id='word_1_138' title='bbox 850 2339 975 2396; x_wconf 84' lang='lat' dir='ltr'>utilitate</span> 
     </span>
     <span class='ocr_line' id='line_1_21' title="bbox 141 2434 975 2510; baseline -0.001 -18"><span class='ocrx_word' id='word_1_139' title='bbox 141 2436 174 2486; x_wconf 73' lang='lat'>2⁰</span> <span class='ocrx_word' id='word_1_140' title='bbox 190 2453 354 2506; x_wconf 79' lang='lat' dir='ltr'>secernens,</span> <span class='ocrx_word' id='word_1_141' title='bbox 366 2445 395 2492; x_wconf 90' lang='lat' dir='ltr'>et</span> <span class='ocrx_word' id='word_1_142' title='bbox 406 2436 602 2506; x_wconf 80' lang='lat' dir='ltr'>constitueret,</span> <span class='ocrx_word' id='word_1_143' title='bbox 614 2435 766 2494; x_wconf 91' lang='lat' dir='ltr'>honestum</span> <span class='ocrx_word' id='word_1_144' title='bbox 780 2454 842 2493; x_wconf 88' lang='lat' dir='ltr'>esse</span> <span class='ocrx_word' id='word_1_145' title='bbox 856 2434 975 2510; x_wconf 87' lang='lat' dir='ltr'>aliquid,</span> 
     </span>
     <span class='ocr_line' id='line_1_22' title="bbox 190 2529 977 2605; baseline 0.003 -20"><span class='ocrx_word' id='word_1_146' title='bbox 190 2529 267 2604; x_wconf 91' lang='lat' dir='ltr'>quod</span> <span class='ocrx_word' id='word_1_147' title='bbox 287 2529 357 2586; x_wconf 91' lang='lat' dir='ltr'>utile</span> <span class='ocrx_word' id='word_1_148' title='bbox 376 2548 434 2587; x_wconf 91' lang='lat' dir='ltr'>non</span> <span class='ocrx_word' id='word_1_149' title='bbox 455 2540 539 2601; x_wconf 88' lang='lat' dir='ltr'>esset,</span> <span class='ocrx_word' id='word_1_150' title='bbox 553 2540 583 2588; x_wconf 90' lang='lat' dir='ltr'>et</span> <span class='ocrx_word' id='word_1_151' title='bbox 602 2530 682 2601; x_wconf 83' lang='lat' dir='ltr'>utile,</span> <span class='ocrx_word' id='word_1_152' title='bbox 697 2530 773 2605; x_wconf 90' lang='lat' dir='ltr'>quod</span> <span class='ocrx_word' id='word_1_153' title='bbox 793 2548 852 2588; x_wconf 90' lang='lat' dir='ltr'>non</span> <span class='ocrx_word' id='word_1_154' title='bbox 873 2529 977 2588; x_wconf 87' lang='lat' dir='ltr'>hones-</span> 
     </span>
     <span class='ocr_line' id='line_1_23' title="bbox 190 2624 976 2702; baseline 0.004 -22"><span class='ocrx_word' id='word_1_155' title='bbox 190 2634 267 2693; x_wconf 91' lang='lat' dir='ltr'>tum;</span> <span class='ocrx_word' id='word_1_156' title='bbox 293 2624 349 2698; x_wconf 75' lang='lat' dir='ltr'>qui</span> <span class='ocrx_word' id='word_1_157' title='bbox 369 2625 448 2682; x_wconf 89' lang='lat' dir='ltr'>nulla</span> <span class='ocrx_word' id='word_1_158' title='bbox 466 2625 611 2702; x_wconf 86' lang='lat' dir='ltr'>pernicies</span> <span class='ocrx_word' id='word_1_159' title='bbox 629 2626 720 2702; x_wconf 89' lang='lat' dir='ltr'>major</span> <span class='ocrx_word' id='word_1_160' title='bbox 740 2626 889 2684; x_wconf 87' lang='lat' dir='ltr'>hominum</span> <span class='ocrx_word' id='word_1_161' title='bbox 908 2624 976 2683; x_wconf 79' lang='lat' dir='ltr'>vitas</span> 
     </span>
     <span class='ocr_line' id='line_1_24' title="bbox 189 2718 400 2794; baseline 0.009 -19"><span class='ocrx_word' id='word_1_162' title='bbox 189 2718 283 2794; x_wconf 89' lang='lat' dir='ltr'>potnit</span> <span class='ocrx_word' id='word_1_163' title='bbox 298 2719 400 2777; x_wconf 88' lang='lat' dir='ltr'>afferri.</span> 
     </span>
     <span class='ocr_line' id='line_1_25' title="bbox 231 2815 977 2894; baseline 0.001 -22"><span class='ocrx_word' id='word_1_164' title='bbox 231 2815 349 2872; x_wconf 74' lang='lat' dir='ltr'>Summa</span> <span class='ocrx_word' id='word_1_165' title='bbox 364 2816 479 2890; x_wconf 88' lang='lat' dir='ltr'>quidem</span> <span class='ocrx_word' id='word_1_166' title='bbox 501 2818 671 2875; x_wconf 82' lang='lat' dir='ltr'>auctoritate</span> <span class='ocrx_word' id='word_1_167' title='bbox 688 2816 861 2894; x_wconf 89' lang='lat' dir='ltr'>philosophi,</span> <span class='ocrx_word' id='word_1_168' title='bbox 875 2833 977 2873; x_wconf 88' lang='lat' dir='ltr'>severs</span> 
     </span>
     <span class='ocr_line' id='line_1_26' title="bbox 144 2910 978 2991; baseline 0.01 -28"><span class='ocrx_word' id='word_1_169' title='bbox 144 2910 177 2962; x_wconf 57' lang='grc' dir='ltr'>ὅ</span> <span class='ocrx_word' id='word_1_170' title='bbox 192 2926 261 2967; x_wconf 82' lang='lat' dir='ltr'>sane</span> <span class='ocrx_word' id='word_1_171' title='bbox 288 2920 372 2986; x_wconf 86' lang='lat' dir='ltr'>atque</span> <span class='ocrx_word' id='word_1_172' title='bbox 398 2912 528 2985; x_wconf 90' lang='lat' dir='ltr'>honeste,</span> <span class='ocrx_word' id='word_1_173' title='bbox 551 2915 613 2971; x_wconf 83' lang='lat' dir='ltr'>hoeo</span> <span class='ocrx_word' id='word_1_174' title='bbox 639 2913 695 2971; x_wconf 92' lang='lat' dir='ltr'>tria</span> <span class='ocrx_word' id='word_1_175' title='bbox 720 2931 827 2991; x_wconf 86' lang='lat' dir='ltr'>genera</span> <span class='ocrx_word' id='word_1_176' title='bbox 853 2911 978 2971; x_wconf 85' lang='lat' dir='ltr'>oonsusa</span> 
     </span>
     <span class='ocr_line' id='line_1_27' title="bbox 193 3004 977 3086; baseline 0.006 -25"><span class='ocrx_word' id='word_1_177' title='bbox 193 3004 369 3082; x_wconf 77' lang='lat' dir='ltr'>cogitatione</span> <span class='ocrx_word' id='word_1_178' title='bbox 382 3009 569 3086; x_wconf 83' lang='lat' dir='ltr'>distinguunt.</span> <span class='ocrx_word' id='word_1_179' title='bbox 610 3009 763 3085; x_wconf 76' lang='lat' dir='ltr'>Quidquid</span> <span class='ocrx_word' id='word_1_180' title='bbox 777 3008 854 3066; x_wconf 89' lang='lat' dir='ltr'>enim</span> <span class='ocrx_word' id='word_1_181' title='bbox 865 3007 977 3084; x_wconf 89' lang='lat' dir='ltr'>justum</span> 
     </span>
     <span class='ocr_line' id='line_1_28' title="bbox 192 3100 977 3181; baseline 0.009 -22"><span class='ocrx_word' id='word_1_182' title='bbox 192 3100 240 3175; x_wconf 84' lang='lat' dir='ltr'>sit,</span> <span class='ocrx_word' id='word_1_183' title='bbox 254 3100 285 3159; x_wconf 93' lang='lat' dir='ltr'>id</span> <span class='ocrx_word' id='word_1_184' title='bbox 303 3101 390 3162; x_wconf 87' lang='lat' dir='ltr'>etiam</span> <span class='ocrx_word' id='word_1_185' title='bbox 409 3104 479 3164; x_wconf 83' lang='lat' dir='ltr'>utile</span> <span class='ocrx_word' id='word_1_186' title='bbox 499 3124 564 3163; x_wconf 90' lang='lat' dir='ltr'>esse</span> <span class='ocrx_word' id='word_1_187' title='bbox 584 3114 720 3178; x_wconf 82' lang='lat' dir='ltr'>oensent3</span> <span class='ocrx_word' id='word_1_188' title='bbox 742 3104 877 3181; x_wconf 83' lang='lat' dir='ltr'>itemque,</span> <span class='ocrx_word' id='word_1_189' title='bbox 897 3102 977 3180; x_wconf 85' lang='lat' dir='ltr'>quod</span> 
     </span>
    </p>
   </div>
   <div class='ocr_carea' id='block_1_5' title="bbox 0 0 1093 3609">
    <p class='ocr_par' dir='ltr' id='par_1_6' title="bbox 0 0 1093 3609">
     <span class='ocr_line' id='line_1_29' title="bbox 0 0 1093 3609; baseline 0 0"><span class='ocrx_word' id='word_1_190' title='bbox 0 0 1093 3609; x_wconf 95' lang='lat' dir='ltr'> </span> 
     </span>
    </p>
   </div>
  </div>
 </body>
</html>
