2167 3609
313 741 357 798 M.
382 740 542 798 TULLII
573 740 816 798 CICERONIS

421 947 484 1011 DE
515 945 717 1025 OFFICHS,

543 1117 583 1153 An

373 1256 560 1307 MARCUM
585 1256 757 1320 FILIUM,

415 1425 514 1472 LIBER
532 1425 713 1474 SECUNDUS.

210 1755 234 1815 I.
255 1755 508 1820 Quurusmuonurr
535 1758 632 1817 officia
658 1759 833 1816 ducerentur
858 1757 894 1815 ab
915 1757 966 1817 ho-

170 1865 292 1927 nestate,
314 1853 415 1912 Marce
435 1855 485 1927 fili,
508 1864 593 1930 atque
614 1857 652 1913 ob
676 1855 755 1913 omui
778 1874 885 1931 genere
908 1854 965 1911 vir·

170 1952 249 2023 tutis,
271 1951 341 2009 satis
361 1952 535 2027 explicatum
561 1953 682 2009 arbitror
706 1950 780 2008 libro
804 1951 962 2027 superiore.

172 2048 318 2124 Sequitur,
340 2058 371 2105 ut
391 2049 455 2105 haeo
478 2048 641 2106 officiorum
665 2066 772 2124 genere
794 2066 964 2123 persequar,

139 2150 236 2221 bquae
262 2146 407 2221 pertinent
436 2145 471 2202 ad
498 2145 563 2202 vitae
592 2145 712 2216 cultum,
740 2154 769 2201 et
797 2144 832 2201 ad
862 2162 965 2201 earum

171 2260 278 2314 rerum,
299 2242 403 2317 quibus
424 2252 544 2299 utuntur
564 2241 705 2313 homines,
727 2239 904 2309 facultatem,
927 2239 964 2297 ad

172 2358 251 2414 opes,
274 2339 308 2397 ad
328 2338 433 2414 copiae.
475 2338 510 2395 In
531 2356 588 2413 quo
609 2348 669 2395 tum
691 2338 781 2412 quoeri
801 2337 871 2408 dixi,
893 2335 965 2411 quid

171 2434 253 2507 utile,
267 2435 335 2509 quid
351 2435 466 2504 inutiie;
489 2446 560 2505 tum,
575 2454 611 2492 ex
625 2433 753 2504 utilibus,
768 2432 837 2508 quid
852 2433 964 2506 utilius

173 2541 222 2588 aut
236 2530 304 2605 quid
319 2529 442 2586 maxime
456 2531 535 2587 utile.
576 2530 622 2587 De
632 2530 736 2605 quibus
751 2530 849 2587 dicere
864 2548 966 2605 aggre·

126 2633 157 2682 10
172 2626 244 2697 diar,
266 2626 291 2683 si
310 2639 405 2701 pausa
423 2626 503 2701 prius
524 2626 560 2682 de
582 2627 713 2684 instituto
734 2644 769 2683 ao
789 2625 826 2683 de
850 2625 966 2702 judicio

172 2741 238 2781 meo
252 2720 360 2779 dixero.

210 2818 388 2893 Quanquam
409 2818 487 2876 enim
507 2818 573 2877 libri
600 2819 691 2877 nostri
719 2818 880 2895 complures
905 2837 967 2876 nou

173 2914 259 2972 modo
281 2915 315 2971 ad
335 2915 462 2992 legendi,
482 2916 534 2972 sed
555 2915 642 2974 etiam
665 2915 700 2973 sd
728 2914 884 2986 scribendi,
907 2924 967 2973 stu·

174 3009 254 3068 dium
274 3010 486 3082 excitaverunt;
511 3021 607 3069 tumen
630 3012 775 3070 interdum
796 3030 906 3083 vereor,
926 3030 968 3069 ns

128 3117 160 3166 15
174 3106 346 3184 quibusdam
368 3107 457 3165 ‹borris
478 3107 552 3165 'viris
577 3108 767 3185 philosophie
795 3125 903 3167 nomeu
927 3107 968 3166 sit
