2167 3609
113 381 210 441 nm]
404 379 448 427 oa
469 378 614 426 ornans.
893 368 949 427 159

113 529 211 606 potuit
237 527 342 585 videre
394 527 445 584 Sia
471 507 600 604 repente,
628 524 726 584 annuli
753 524 904 598 beneficio,

116 643 169 682 rex
195 636 311 681 exortus
337 633 381 680 est
407 624 514 699 Lydiae.
570 623 660 680 Hune
693 623 780 699 igitur
812 622 904 698 ipsum

116 721 256 779 annulum
270 721 293 777 si
308 722 411 778 habeat
425 721 550 796 sapiens,
564 721 656 777 nihilo
669 720 733 795 plus
747 719 802 776 sibi
815 720 904 776 licere

114 828 197 896 putet
216 836 349 894 peccare,
370 837 454 893 quam
476 816 500 874 si
521 836 580 874 nou
601 817 727 873 haberet.
774 815 906 874 Honesta

42 943 45 950 =
115 914 195 972 enim
210 914 294 971 bonis
307 914 384 985 viris,
399 933 457 971 non
472 913 597 984 occulta,
611 921 785 989 quaeruntur.
917 921 933 969 5

157 1011 254 1085 Atque
275 1011 333 1067 hoo
359 1011 424 1068 loeo
449 1009 612 1086 philosophi
638 1009 764 1086 quidam,
786 1009 905 1067 minime

115 1107 185 1165 mali
207 1107 248 1164 illi
269 1107 394 1182 quidem,
410 1108 460 1164 sed
480 1126 539 1164 non
561 1106 630 1164 satis
651 1106 738 1178 acuti,
759 1106 855 1163 fictam
876 1115 905 1163 et

116 1204 350 1262 commenticiam
372 1204 496 1261 fabulam
511 1204 614 1261 dieunt
626 1203 766 1279 prolatam
782 1222 798 1260 a
811 1201 905 1260 Plato·

115 1320 172 1358 ne:
194 1301 274 1375 quasi
288 1319 355 1358 vero
374 1301 434 1372 ille,
450 1311 499 1357 aut
518 1300 627 1357 factum
646 1300 675 1357 id
693 1318 766 1370 esse,
782 1310 830 1357 aut
843 1299 904 1357 lieri

114 1397 255 1474 potuisse,
276 1397 419 1454 defendat.
469 1395 542 1454 Haea
563 1406 607 1453 est
627 1396 670 1453 vis
689 1396 775 1472 hujus
796 1396 903 1469 annuli,
919 1406 950 1455 1⁰

115 1503 146 1550 et
167 1493 252 1569 hujus
274 1494 413 1568 exempli:
441 1492 466 1550 si
492 1512 578 1550 nemo
605 1493 739 1565 sciturus,
760 1512 846 1551 nemo
867 1512 904 1550 ne

116 1590 315 1665 suspicaturus
328 1590 443 1665 quidem
458 1589 503 1661 sit,
515 1609 583 1647 oum
598 1589 715 1664 aliquid,
730 1590 904 1663 divitiarum,

115 1685 263 1763 potentia,
285 1685 496 1766 dominationis,
517 1686 646 1743 libidinis
670 1686 767 1758 aausd,
790 1686 903 1760 seueris,

116 1782 144 1839 si
172 1782 200 1839 id
229 1782 294 1839 Diis
321 1782 541 1856 hominibusque
576 1782 701 1841 futurum
729 1783 766 1840 sit
793 1803 904 1861 semper

116 1878 265 1955 ignotum;
288 1879 364 1936 sisne
379 1879 514 1937 facturus.
556 1879 683 1956 Negant,
695 1881 724 1937 id
735 1881 797 1938 lieri
811 1900 902 1957 posse.
918 1890 950 1938 15

115 1973 311 2048 Nequaquam
330 1984 425 2049 potest
439 1975 467 2031 id
482 1975 614 2049 quidem:
636 1976 687 2033 sed
708 1995 813 2049 quaero,
828 1977 903 2052 quod

114 2081 225 2148 negant
250 2089 343 2146 posse,
364 2070 393 2127 id
414 2071 438 2127 si
458 2081 565 2146 posset,
592 2071 729 2144 quidnam
756 2074 904 2131 sacereutl

115 2167 229 2245 Urgent
248 2167 355 2224 rustice
376 2186 461 2224 sane:
483 2175 591 2243 negant
611 2167 687 2223 enim
709 2187 808 2242 posse3
830 2170 904 2227 etin

114 2283 154 2322 eo
173 2274 317 2340 perstant:
345 2264 400 2321 hoo
423 2265 542 2321 verbum
565 2263 633 2337 quid
657 2264 760 2334 valeat,
781 2284 838 2322 non
868 2266 906 2322 vi·

115 2362 195 2419 dent.
237 2362 312 2419 Cum
336 2362 414 2418 enim
438 2361 599 2436 quaerimus,
621 2359 645 2417 si
669 2360 778 2435 possint
800 2361 903 2434 celare,
918 2372 950 2423 20

114 2457 186 2534 quid
208 2457 311 2515 facturi
331 2458 398 2528 sint,
413 2475 471 2514 non
490 2456 654 2531 quaerimus,
668 2456 817 2532 possintne
831 2458 906 2516 aela-

114 2573 165 2613 re:
187 2554 238 2611 sed
257 2566 393 2628 tanquam
413 2562 554 2611 tormenta
574 2552 702 2627 quaedam
727 2554 904 2627 adhibemus,

114 2659 160 2721 ut,
188 2651 212 2707 si
241 2651 449 2726 responderint,
476 2669 517 2722 se,
545 2650 714 2725 impunitate
748 2651 904 2726 proposita,

117 2746 246 2805 fauturos
267 2746 343 2821 quod
364 2745 505 2822 expediat,
520 2746 699 2803 facinorosos
713 2766 744 2804 se
758 2765 820 2803 esse
837 2746 905 2803 fate-

118 2852 219 2913 antur;
241 2843 266 2900 si
279 2852 396 2919 negent,
407 2843 504 2899 omnia
517 2843 612 2917 turpia
624 2860 675 2918 per
689 2842 783 2918 seipsa
796 2842 905 2919 fugien·
918 2858 950 2907 25

115 2938 157 2996 da
182 2958 246 2997 esse
274 2939 444 2996 concedant.
494 2938 555 2995 Sed
577 2938 638 3016 jam
666 2938 702 2995 ad
728 2939 905 3015 propositum

115 3045 303 3096 revertamur.

893 3158 897 3166 ι

900 3200 907 3237 q
935 3197 939 3208 r

937 3253 944 3266 Ι
