2167 3609
122 397 195 456 aa]
429 390 473 437 m:
492 390 639 439 arnicas.
922 350 962 435 3²9

122 550 185 597 tum
200 557 265 598 esse
278 533 381 616 potest,
397 541 473 615 quod
485 540 597 617 justitia
610 550 702 598 vacet
741 536 916 597 Proclarum

122 636 214 713 igitur
248 637 378 694 Platonis
412 637 498 695 illud:
535 636 632 696 “Non
660 635 781 707 solum‚‘’
810 633 914 710 inquit,

121 741 144 770 ‘⁴
157 734 291 805 scientia,
314 753 377 809 quae
400 745 443 791 est
464 744 575 792 remota
597 753 613 791 a
632 733 754 810 justitia,
773 731 916 789 calliditas

120 829 221 906 potius
249 848 334 905 quam
362 829 503 905 sapientia
529 839 573 886 est
600 827 785 903 appellanda;
817 846 915 885 verum

121 926 213 983 etiam
236 926 348 982 animus
366 936 482 1001 paratus
497 925 531 982 ad
546 924 717 1001 periculum,
733 923 757 981 si
771 924 823 981 sui
837 923 946 999 cupi-5

124 1021 232 1094 ditate,·
241 1040 300 1078 non
314 1022 437 1079 utilitate
448 1020 596 1079 communi
607 1019 772 1095 impellitur,
788 1020 916 1077 audaciae

123 1117 221 1194 potius
235 1136 340 1174 nomen
355 1118 468 1189 habeat,
481 1135 566 1191 quam
582 1114 786 1173 fortitudinis.''
815 1113 916 1190 Itaque

122 1215 202 1271 viros
216 1214 313 1286 fortes,
327 1213 536 1291 magnanimos,
551 1213 669 1270 eosdem
690 1212 782 1269 bonos
802 1221 831 1269 et
851 1210 917 1268 sim·

120 1311 227 1388 plices,
242 1310 370 1368 veritatis
386 1310 505 1383 amicos,
519 1310 696 1385 minimeque
710 1308 838 1380 fallaces,
853 1324 916 1364 esse

121 1407 274 1465 volumus:
296 1427 359 1482 quae
374 1417 440 1464 sunt
454 1426 489 1464 ex
502 1406 599 1464 medii
612 1405 698 1464 laude
709 1404 835 1481 justitiae.
930 1408 962 1460 10

162 1504 225 1561 Sed
245 1503 316 1562 illud
337 1503 470 1561 odiosum
491 1513 545 1575 est,
561 1502 647 1577 quod,
665 1502 695 1558 in
716 1501 772 1558 hac
792 1500 915 1559 elatione

121 1610 153 1657 et
181 1599 383 1677 magnitudine
410 1599 508 1671 animi,
537 1599 674 1656 facillime
699 1597 862 1675 pertinacia
887 1607 917 1656 et

122 1695 217 1754 nimia
231 1696 373 1772 cupiditas
385 1695 564 1773 principatus
579 1694 746 1753 innascitur.
787 1693 827 1752 Ut
838 1693 917 1751 enim

125 1792 200 1868 apud
216 1791 366 1849 Platonem
381 1800 433 1863 est,
448 1809 564 1848 omnem
580 1788 717 1871 [morem]
734 1789 918 1847 Lacedaemo·

123 1890 239 1946 nicrum
260 1887 467 1945 inflammatum
495 1906 558 1943 esse
583 1887 740 1963 cupiditate
761 1884 896 1943 vincendi
907 1905 914 1955 ;
931 1897 962 1946 15

124 1986 179 2056 sic,
200 1984 375 2059 utquisque
396 1983 483 2040 animi
506 1983 706 2060 magnitudine
726 1982 849 2040 maxime
869 2000 917 2039 ex·

125 2081 216 2153 cellit,
240 2080 281 2137 ita
303 2079 427 2137 maxime
454 2080 515 2136 vult
540 2079 676 2156 princeps
703 2078 844 2150 omnium,
871 2077 916 2135 vel

123 2177 223 2253 potius
233 2176 321 2248 solus,
333 2195 404 2234 esse.
446 2175 573 2233 Difficile
589 2186 684 2232 autem
698 2184 751 2245 est,
766 2192 834 2231 cum
847 2193 918 2249 prae·

124 2283 203 2330 stare
230 2273 366 2330 omnibus
389 2271 581 2346 concupieris,
606 2288 720 2326 servare
743 2269 917 2343 aequitatem,

125 2389 191 2446 quae
206 2379 250 2426 est
265 2368 383 2446 justitiae
398 2368 522 2425 maxime
535 2365 659 2443 propria.
701 2363 748 2422 Ex
761 2383 818 2440 quo
831 2364 872 2439 fit,
887 2376 918 2424 ut
932 2367 964 2418 st

125 2485 222 2540 neque
235 2465 444 2540 disceptatione
458 2464 536 2521 vinci
552 2483 593 2535 se,
608 2482 664 2520 nec
678 2463 737 2521 ullo
750 2461 869 2539 publico
884 2483 919 2523 ac

124 2563 259 2640 legitimo
276 2561 352 2638 jure,
365 2562 528 2637 patiantur:
550 2560 747 2636 exsistuntque
768 2559 797 2617 in
816 2562 920 2637 repub-

125 2660 187 2718 lica
209 2658 379 2736 plerumque
405 2657 555 2734 largitores
582 2668 612 2714 et
639 2656 763 2729 factiosi,
790 2666 823 2714 ut
849 2676 919 2734 opes

126 2774 214 2833 quam
238 2755 379 2812 maximas
401 2763 622 2829 consequantur,
645 2764 673 2811 et
695 2753 753 2810 sint
774 2753 802 2810 vi
822 2754 919 2830 potius

127 2852 303 2928 superiores,
317 2870 403 2927 quam
421 2851 533 2927 justitiis
552 2869 644 2924 pares.
686 2849 755 2920 Sed,
772 2869 829 2925 quo
848 2851 920 2907 diffi·
933 2849 966 2900 25

127 2948 225 3020 cilius,
239 2948 299 3005 hoc
319 2948 500 3023 preclarius:
522 2946 634 3004 nullum
648 2956 691 3002 est
705 2946 783 3003 enim
797 2956 919 3023 tempus,

126 3045 206 3124 qaod
217 3044 330 3121 justitia
343 3063 447 3102 vacare
461 3044 573 3102 debeat.

169 3140 276 3202 Fortes
289 3140 376 3221 igitur
390 3133 612 3219 et'magnanimi
626 3149 693 3199 sunt
705 3136 841 3209 habendi,
851 3151 921 3207 aon,
