2167 3609
114 348 156 408 88
451 356 496 404 nn
512 357 659 405 onsrcns.
884 357 924 418 [n.
933 358 960 404 ι,

200 505 294 565 XLV.
316 505 394 563 Illud
408 505 528 564 forsitan
543 505 731 583 querendum
745 505 792 578 sit,
806 523 876 565 num
890 506 957 565 hec

162 604 363 676 communitus,
385 624 449 679 quae
473 605 598 661 maxime
621 614 665 662 est
687 614 753 680 epte
775 615 895 677 naturas,
917 604 957 661 sit

162 701 249 759 etiam
282 700 474 759 moderationi
503 702 711 776 modestiaeque
738 720 849 778 semper
876 713 957 758 ente·

161 798 304 875 ponenda.
358 797 428 855 Non
455 798 560 874 placet.
616 799 691 855 Sunt
717 798 796 856 enirn
823 798 956 873 quaedam

133 894 266 971 opertim
287 894 328 952 ita
348 894 433 967 sceda,
454 895 559 970 partim
580 894 620 952 ita
640 895 792 972 flagitiosa,
808 905 839 952 ut
857 913 902 966 ea,
916 912 956 951 ne

163 990 367 1049 conservande
386 990 503 1066 quidem
522 991 623 1067 patriae
644 991 743 1063 causd,
762 991 876 1066 sapiens
897 991 957 1048 lac·

162 1095 245 1144 turus
258 1086 303 1145 sit
345 1085 392 1144 Ea
403 1086 579 1144 Posidonius
600 1086 718 1163 collegit
737 1087 889 1162 permulta,
904 1086 957 1144 sed

163 1182 205 1242 itu
223 1194 298 1242 tetra
317 1183 459 1258 quaedam,
475 1182 516 1241 ita
535 1183 683 1254 obscoene,
697 1194 730 1240 ut
743 1182 824 1241 dictu
840 1202 957 1259 qnoque

163 1281 314 1337 videantur
348 1279 451 1355 turpia„
505 1279 581 1338 Haec
608 1280 696 1357 igitur
725 1299 783 1338 non
817 1279 958 1356 suscipiet

120 1386 151 1438 10
164 1376 330 1453 reipublicae
351 1376 457 1448 causd3
484 1395 522 1433 ne
549 1395 596 1434 res
622 1377 739 1452 quidem
764 1376 883 1453 publicu
902 1395 957 1453 pro

164 1492 196 1531 se
216 1473 325 1549 suscipi
349 1471 432 1531 v‘olet.
475 1474 534 1532 Sed
561 1474 618 1532 hoc
646 1474 827 1532 commodius
853 1493 884 1532 se
910 1493 958 1533 res

165 1569 262 1641 hebet,
289 1569 366 1645 quod
399 1588 458 1628 non
490 1580 586 1647 potest
614 1571 747 1629 accidere
773 1581 896 1647 tempus,
924 1580 959 1628 ut

165 1665 279 1724 intersit
312 1665 489 1743 reipublice,
522 1667 679 1743 quidquam
713 1667 827 1726 illorum
862 1667 959 1727 secere

165 1763 334 1839 sapientem.

121 1861 153 1912 15
204 1859 307 1920 Quare
334 1859 391 1917 hoc
417 1858 533 1933 quidem
561 1860 698 1918 effectum
724 1860 771 1933 sit,
795 1860 827 1918 in
853 1859 959 1919 officiis

166 1955 329 2033 deligendis
349 1955 379 2013 id
399 1974 491 2034 genus
517 1956 679 2014 officiorum
706 1958 858 2029 excellere,
881 1957 959 2033 quod

165 2062 297 2111 teneatur
319 2052 471 2110 hominum
497 2053 655 2111 societate:
683 2054 791 2111 etenim
818 2054 961 2131 cognitio·

165 2168 233 2207 nem
253 2149 493 2225 prudentiamque
513 2149 642 2224 sequitur
668 2149 849 2209 considerate
871 2150 959 2209 actio.

166 2243 212 2303 Ite
238 2244 280 2316 fit,
302 2254 334 2301 ut
362 2264 447 2322 egere
474 2245 655 2305 considerate
680 2246 771 2321 pluris
797 2246 844 2318 sit,
871 2265 961 2321 quam

121 2353 154 2403 20
167 2342 296 2419 cogitare
318 2342 483 2417 prudenter.
533 2341 632 2417 Atque
659 2343 722 2400 hec
748 2342 865 2417 quidem
891 2343 962 2401 hac·

166 2447 268 2496 tenus:
294 2437 455 2513 patefactus
475 2447 519 2494 est
546 2438 624 2495 enim
646 2437 730 2495 locus
750 2438 821 2515 ipse,
842 2448 874 2496 ut
901 2458 962 2498 non

167 2534 206 2592 sit
226 2532 354 2603 difficile,
375 2533 405 2590 in
426 2534 607 2607 exquirendo
628 2535 735 2606 officio,
757 2535 827 2610 quid
854 2535 962 2610 cuique

168 2629 206 2687 sit
225 2628 462 2704 praeponendum,
477 2629 583 2687 videre.
624 2630 659 2688 In
680 2631 744 2707 ipsd
764 2644 860 2689 entem
882 2650 963 2689 com·

169 2724 310 2785 munitate
323 2735 391 2783 sunt
404 2726 510 2802 gradus
524 2727 697 2799 officiorum,
712 2727 875 2803 exquibus,
891 2727 962 2803 quid

123 2832 157 2885 m
170 2820 275 2896 cuique
294 2831 418 2897 prestet,
440 2822 563 2900 intelligi
582 2823 689 2900 possit:
717 2834 749 2882 ut
775 2824 869 2901 prime
895 2824 963 2882 Diis

170 2917 390 2988 immortalibus,
404 2919 533 2976 secunda
551 2919 661 2995 patrie,
678 2920 764 2978 tertia
782 2921 962 2997 perentibus,

170 3012 308 3091 deinceps
327 3015 470 3093 gradatim
489 3015 619 3092 reliquis,
633 3017 801 3078 debeantur.
841 3017 963 3083 Quibus
