2167 3609
90 368 159 430 nn]
228 344 231 350 ’
385 369 595 418 oneramus.
887 356 928 416 59

88 517 162 595 jora
204 515 291 576 Ludo
305 526 401 575 autem
421 528 450 575 et
467 517 535 594 joco
548 517 591 575 uti
604 517 654 575 illo
667 516 782 594 quidem
794 516 880 587 licet3

87 615 142 672 sed
158 614 252 691 (sicut
265 633 374 687 somno,
389 625 418 672 et
431 616 575 692 quietibus
588 615 712 694 ceteris)
728 625 799 686 tum,
814 633 881 672 cum

89 713 230 788 gravibus
244 712 383 786 seriisque
401 713 487 770 rebus
501 712 731 769 satisfecerimus.
772 712 883 788 Ipsum·

89 826 148 881 que
163 826 257 884 genus
274 807 394 883 jocandi
413 827 472 864 non
492 797 647 884 profusum,
662 827 716 864 nec
732 808 882 866 immodes-

90 914 164 975 tum,
180 904 233 961 sed
254 904 411 980 ingenuum
431 915 461 961 et
481 904 617 974 facetum,
633 923 695 960 esse
709 905 802 961 debet.
843 904 912 961 Ut5

88 1000 172 1057 enirn
183 1000 281 1075 pueris
290 1020 347 1058 non
358 1019 473 1058 omnem
484 1001 603 1058 ludendi
613 1000 760 1057 licentiam
771 1000 881 1072 damus,

90 1097 144 1153 sed
160 1115 223 1153 eam
238 1115 300 1171 quc
316 1098 351 1154 ab
365 1097 494 1154 honestis
515 1093 677 1154 actionibus
695 1116 752 1153 non
767 1096 804 1153 sit
818 1096 883 1153 alie·

91 1211 150 1262 na3
172 1193 225 1264 sic,
236 1193 265 1249 iu
280 1192 341 1268 ipso
348 1192 427 1269 joco,
440 1193 553 1267 aliquod
566 1193 647 1269 probi
662 1193 770 1270 ingenii
785 1192 883 1249 lumen

92 1288 216 1347 eluceat.

132 1385 250 1461 Duplex
263 1386 381 1444 omnino
402 1397 445 1445 est
462 1386 582 1464 jocandi
596 1405 703 1464 genus:
725 1399 814 1444 uuum
829 1386 883 1443 illi·
898 1390 928 1440 10

91 1481 200 1551 berale,
209 1483 351 1557 petulans,
362 1481 544 1559 flagitiosum,
554 1485 721 1541 obscoenum
728 1504 736 1553 ;
751 1484 881 1555 alterum,

91 1576 221 1653 elegans,
249 1578 400 1649 urbanum,
430 1579 621 1655 ingeniosum,
649 1578 791 1636 facetum:
825 1597 882 1654 quo

90 1689 201 1749 genere
221 1692 279 1730 uon
299 1674 385 1732 modo
403 1674 522 1732 Plautus
542 1685 650 1745 noster,
668 1684 697 1731 et
716 1674 882 1732 Atticorum

92 1767 212 1842 antiqua
232 1769 382 1840 comoedia,
403 1769 558 1828 sedetiam
578 1769 809 1846 philosophorum
829 1770 882 1826 So·

91 1865 269 1922 oratioorum
282 1864 347 1923 libri
358 1866 455 1923 referti
469 1877 550 1923 sunt:
570 1866 715 1942 multaque
725 1866 879 1924 multorum
897 1871 928 1920 15

6 2027 7 2032 ἵ
91 1961 187 2019 facete
201 1962 289 2033 dicta,
304 1972 336 2019 ut
357 1981 401 2033 ea,
415 1982 478 2038 quae
499 1982 515 2022 a
535 1983 605 2021 sene
625 1963 738 2020 Catone
758 1964 881 2021 collecta

91 2068 176 2127 sunt;
197 2077 261 2133 quae
276 2069 381 2116 vocant
400 2059 627 2134 Ἀποφθέγμαια.
669 2059 779 2116 Facilis
793 2060 880 2136 igitur

90 2164 136 2222 est
160 2154 308 2211 distinctio
331 2155 449 2232 ingenui
469 2165 499 2212 et
519 2156 666 2212 illiberalis
689 2156 756 2230 joci.
797 2156 879 2211 Alter

90 2260 135 2308 est
150 2249 190 2326 (si
204 2260 333 2326 tempore
347 2250 387 2321 fit,
404 2271 438 2308 ao
458 2251 578 2308 remisso
592 2251 700 2330 animo)
715 2251 806 2307 libero
819 2249 880 2327 dig-

90 2366 160 2416 nus;
184 2347 264 2417 alter,
276 2367 313 2405 ne
324 2347 439 2405 homine
450 2347 577 2423 quidem,
586 2347 610 2404 si
624 2364 720 2403 rerum
731 2345 880 2421 turpitudi·
895 2356 926 2406 2⁰

89 2443 121 2501 ni
153 2443 304 2518 adhibetur
335 2446 486 2526 verborum
519 2443 703 2501 obscoenitas.
745 2443 878 2501 Ludendi

89 2540 179 2597 etiam
193 2541 365 2615 estquidam
386 2542 488 2599 modus
508 2541 684 2613 retinendus,
698 2552 731 2598 ut
743 2560 780 2598 ne
793 2540 878 2614 nimis

89 2637 189 2694 omnia
215 2636 431 2712 profundamus,
452 2637 576 2713 elatique
604 2637 757 2714 voluptate,
778 2638 808 2695 in
829 2638 878 2695 ali-

88 2752 174 2807 quam
189 2733 395 2808 turpitudinem
410 2733 585 2792 dolebamur.
627 2734 817 2810 Suppeditant
830 2754 878 2791 au·

7 2837 8 2842 ’
88 2838 147 2885 tem
162 2840 191 2887 et
206 2829 333 2905 Campus
347 2840 452 2901 noster,
466 2839 495 2888 et
508 2830 604 2889 studia
613 2830 746 2901 venandi,
759 2831 878 2889 honesta
893 2833 925 2881 55

89 2925 221 3001 exempla
233 2925 361 2983 ludendi.

127 3117 232 3181 XXX.
255 3118 314 3178 Sed
328 3130 452 3196 pertinet
467 3121 502 3179 ad
516 3137 632 3178 omnem
646 3118 734 3177 officii
748 3118 878 3194 questio·
