2167 3609
498 362 543 409 DE
559 360 703 409 osricus.
915 353 959 417 [L.
971 354 992 401 1.

201 531 253 572 seu
266 530 352 588 quem
373 511 470 584 aliurn,
486 510 573 589 (nihil
587 512 664 569 enim
677 520 779 588 preter
795 510 923 568 auditum
939 509 994 567 ha·

201 610 270 689 beo)
286 610 423 667 arbitrum
437 607 561 666 Nolanis
575 619 604 665 et
618 607 817 683 Neapolitanis
831 609 867 664 de
881 607 992 664 finibus

201 725 219 764 a
241 716 342 764 senatu
365 707 472 778 datum,
495 725 562 764 cunr
587 706 622 763 ad
645 706 741 763 locum
761 705 895 775 venisset,
919 722 991 761 cum

199 803 329 878 utrisque
350 803 503 880 separatim
524 804 665 872 locutum,
680 813 712 859 ut
731 821 769 860 ne
790 802 895 877 cupide
916 800 989 878 qnid
1073 873 1075 882 Α

169 907 329 978 urgerent,
352 919 390 960 ne
413 910 588 977 appetenter,
604 910 688 973 atque
712 909 744 956 ut
763 898 877 975 regredi
900 915 996 973 quam·

199 997 334 1076 progredi
351 998 476 1056 mallent.
518 997 553 1054 Id
568 1014 635 1053 cum
649 996 762 1070 utrique
776 994 921 1066 fecissent,
938 995 991 1052 ali-

200 1106 338 1171 quantum
364 1096 424 1173 agri
451 1095 481 1152 in
508 1095 605 1151 medio
631 1094 764 1151 relictum
791 1102 843 1150 est.
884 1093 989 1167 Itaque

200 1191 313 1250 illorum
330 1192 411 1263 lines,
426 1192 501 1248 sicut
522 1191 576 1266 ipsi
597 1190 737 1261 dixerant,
752 1188 931 1246 terminavit:
954 1189 987 1246 in

200 1288 296 1345 medio
310 1288 442 1345 relictum
457 1288 533 1362 quod
547 1297 618 1358 erat,
632 1287 738 1363 populo
757 1287 893 1344 Romano
908 1286 989 1362 adju·

156 1391 186 1442 10
201 1384 315 1441 dicavit.
356 1383 499 1460 Decipere
514 1384 571 1441 hoc
584 1384 698 1459 quidem
713 1394 766 1455 est,
776 1402 835 1441 non
846 1384 986 1459 judicare.

199 1479 360 1552 Quocirca,
375 1480 405 1537 in
420 1480 499 1538 omni
512 1498 554 1553 re,
569 1480 706 1558 fugienda
718 1491 762 1537 est
775 1481 840 1537 talis
850 1480 986 1539 sollertia

239 1672 294 1731 XI.
317 1673 391 1731 Sunt
413 1684 509 1731 antem
530 1673 660 1749 quaedam
680 1674 777 1732 officia
789 1674 876 1732 etiam
892 1643 988 1731 adrer-

201 1789 250 1828 sus
271 1788 321 1827 eos
343 1772 525 1842 servandae
547 1773 651 1845 quibus
672 1771 807 1847 injuriam
830 1771 985 1847 acceperis.

202 1866 256 1924 Est
269 1868 345 1925 enim
359 1866 520 1925 ulciscendi
535 1876 565 1923 et
577 1867 716 1942 puniendi
738 1868 849 1925 modus.
891 1868 989 1942 Atque

155 1969 187 2018 15
202 1963 279 2020 haud
293 1962 365 2035 scio,
381 1982 417 2020 an
432 1963 501 2020 satis
516 1963 562 2034 sit,
578 1981 654 2034 curn,
669 1963 718 2038 qui
732 1963 900 2033 lacessierit,
915 1963 987 2038 inju-

201 2060 251 2117 riae
272 2079 330 2117 suae
353 2061 509 2136 poenitere;
531 2070 563 2117 ut
585 2070 614 2118 et
635 2059 696 2136 ipse
710 2079 748 2117 ne
761 2061 830 2137 quid
844 2061 901 2118 tale
914 2068 988 2136 post·

202 2155 268 2228 hac,
283 2166 311 2213 et
325 2156 423 2213 caeteri
437 2155 494 2213 sint
510 2157 545 2213 ad
559 2157 694 2233 injuriam
708 2156 857 2214 tardiores.

243 2253 340 2328 Atque
356 2253 387 2310 in
405 2254 554 2330 republica
576 2254 699 2312 maxime
713 2253 910 2310 conservanda
923 2261 987 2309 sunt

200 2348 267 2426 jura
286 2350 363 2407 belli.
404 2349 492 2421 Nam,
514 2369 580 2407 curn
602 2351 660 2407 sint
682 2350 740 2406 duo
762 2366 869 2425 genera
891 2347 988 2406 decer·

155 2457 187 2505 20
203 2445 300 2515 tandi;
332 2464 421 2502 unum
448 2464 500 2519 per
522 2446 770 2520 disceptationem,
794 2444 913 2501 alterum
937 2464 987 2520 per

204 2541 276 2610 vinr;
305 2558 427 2614 cumque
449 2540 520 2597 illud
542 2540 687 2615 proprium
715 2539 751 2597 sit
775 2539 909 2611 hominis,
934 2542 986 2600 hoc

203 2635 378 2705 belluarum3
411 2635 637 2711 confugiendum
665 2646 708 2692 est
733 2636 768 2693 ad
791 2637 942 2711 posterius,
961 2639 986 2695 si

204 2733 246 2790 uti
259 2751 318 2789 non
332 2732 401 2790 licet
415 2732 573 2809 superiore.
614 2732 718 2794 Quare
732 2734 916 2809 suscipienda
928 2733 986 2809 qni·

204 2829 270 2887 dem
284 2829 360 2887 bella
373 2838 439 2888 sunt
460 2831 498 2887 ob
520 2848 583 2887 eam
609 2849 735 2903 causam,
750 2841 781 2889 ut
804 2831 866 2888 sine
887 2831 986 2907 injuria

157 2941 189 2992 εὖ
205 2925 235 2983 in
256 2944 328 3002 pace
349 2925 474 2983 vivatur:
503 2926 585 3002 parti
608 2936 702 2984 autern
724 2927 854 2997 victorii,
877 2944 986 2983 conser-

205 3022 291 3081 vmdi
306 3023 336 3095 ii,
350 3023 399 3099 qni
412 3041 471 3083 non
485 3023 618 3082 crudeles
633 3023 663 3081 in
678 3024 763 3097 bello,
777 3043 837 3082 non
852 3024 987 3080 immanes

207 3119 337 3193 suerum
361 3130 394 3180 ut
406 3122 532 3200 majores
548 3121 639 3183 nostri
658 3120 854 3195 Tusculanos,
869 3119 985 3196 AEquos,
