2167 3609
100 351 169 411 cri
400 350 444 399 on
463 350 609 399 onorem.
895 342 936 403 55

99 501 173 574 tiro,
196 510 225 559 et
248 500 388 559 decorum
411 501 539 560 videtur:
561 501 637 577 quod
660 512 771 575 contra,
795 501 836 575 id,
858 512 891 560 nt

99 609 195 674 turpe,
208 599 253 656 sic
267 598 446 660 indecorum.

138 695 244 757 Quare
262 696 388 771 pertinet
401 695 517 771 quidem
532 696 568 754 nd
582 715 697 755 omnem
711 698 891 755 honestatem

100 792 159 849 hoc
176 791 267 869 (quod
282 792 534 872 dicoidocorum:
556 803 585 851 et
595 794 636 851 ita
644 794 778 869 pertinet,
789 805 821 851 ut
831 813 891 851 non

100 889 256 947 reconditi
277 888 400 963 quidam
427 889 544 949 ratione,
568 900 712 962 cernatur,
733 890 784 948 sed
804 891 841 948 sit
861 891 921 948 ino

99 995 248 1062 promptu.
290 984 344 1042 Est
357 986 435 1043 enim
454 986 602 1061 quiddam,
617 986 704 1061 idque
724 986 892 1062 intelligitur

101 1082 135 1139 in
155 1082 235 1140 omni
255 1082 369 1154 virtute,
384 1083 462 1158 quod
480 1083 599 1154 deceat3
620 1082 698 1157 quod
718 1082 892 1159 cogitatione

101 1179 196 1255 magis
211 1199 228 1236 a
241 1179 346 1236 virtute
359 1190 462 1255 potest,
474 1199 561 1254 qnam
574 1198 616 1251 re,
627 1180 761 1256 separari.
795 1178 835 1236 Ut
848 1197 894 1235 ve·

100 1284 203 1332 uustas
216 1284 247 1332 et
259 1275 444 1349 pulchritudo
459 1275 587 1350 corporis
600 1276 713 1333 secerni
727 1294 786 1332 non
799 1285 894 1350 potest

102 1371 309 1440 avoletudine3
325 1371 368 1428 sic
379 1371 435 1428 hoc
443 1369 494 1448 (dc
505 1390 562 1446 quo
571 1372 730 1452 loquimur)
742 1372 891 1443 decorum,
908 1386 938 1435 10

100 1477 196 1525 totum
218 1467 288 1523 illud
309 1467 426 1541 quidem
445 1477 490 1525 est
511 1487 578 1525 cunr
598 1469 703 1526 virtute
722 1469 891 1540 confusum3

100 1564 153 1622 sed
169 1573 266 1620 mente
279 1574 309 1620 et
322 1562 500 1640 cogitatione
514 1564 709 1641 distinguitur.

143 1659 198 1718 Est
226 1669 322 1716 eutem
349 1659 411 1735 ejus
438 1659 594 1735 descriptio
620 1660 743 1736 duplex:
772 1680 839 1719 nam
864 1671 892 1718 et

101 1755 240 1834 generale
254 1756 399 1832 quoddrurp
414 1756 552 1813 decorum
566 1756 762 1834 intelligimus,
774 1758 852 1833 quod
863 1758 893 1815 in

100 1853 184 1910 omni
204 1852 355 1910 honestate
375 1863 518 1923 versatu13
540 1864 570 1910 et
591 1854 678 1926 aliud,
693 1855 761 1912 huic
781 1855 893 1931 subjec·
908 1865 939 1914 15

100 1961 175 2022 tum,
190 1950 269 2026 quod
281 1950 406 2025 pertinet
421 1950 457 2007 ad
473 1938 602 2027 singulas
614 1962 710 2027 partes
724 1951 890 2009 honestatis.

102 2048 203 2122 Atque
224 2047 295 2104 illud
316 2048 447 2122 nuperius
465 2047 509 2104 nic
525 2047 584 2105 fere
597 2048 711 2110 definiri
725 2049 815 2105 solet:
836 2048 894 2104 De-

102 2163 207 2201 corum
228 2143 259 2201 id
278 2162 352 2214 esse,
367 2143 445 2218 quod
466 2154 692 2202 consentaneum
712 2144 894 2201 sithominis

101 2240 293 2310 excellentie,
308 2240 340 2295 in
359 2259 405 2311 eo,
421 2240 449 2296 in
471 2258 528 2314 quo
542 2250 645 2296 natura
664 2240 726 2315 ejus
742 2259 759 2295 n
776 2239 894 2312 reliquis

102 2335 299 2394 animantibus
318 2335 440 2393 differat.
480 2334 559 2396 Quae
576 2343 670 2391 autem
684 2353 750 2409 pars
764 2329 939 2408 subjectarit

7 2475 8 2478 ¹
101 2431 204 2508 generi
218 2441 272 2501 est,
287 2449 351 2498 eam
366 2430 408 2487 sic
423 2430 574 2501 definiunt,
589 2440 621 2487 ut
635 2430 664 2487 id
679 2431 816 2487 decorum
830 2448 893 2486 esse

102 2528 202 2595 velint,
217 2527 295 2601 quod
315 2527 358 2585 itu
378 2537 488 2585 neturae
509 2537 734 2585 consentaneum
755 2528 802 2594 sit,
817 2526 893 2584 utin

101 2644 139 2682 eo
154 2624 315 2681 moderatio
335 2634 364 2680 et
384 2625 575 2699 temperantia
593 2635 736 2701 appareat,
751 2643 818 2682 curn
832 2643 893 2700 ope·

101 2721 151 2779 cie
165 2720 290 2795 quddam
304 2719 426 2778 liberali.

142 2911 290 2970 XXVIII.
322 2911 397 2969 Haec
411 2912 453 2970 itu
465 2913 599 2990 intelligi,
613 2914 776 2971 existimare
793 2932 892 2988 possu·
906 2928 938 2975 25

100 3028 177 3081 mun,
199 3027 236 3065 ex
257 3026 293 3065 eo
316 3009 423 3068 decoro
446 3010 523 3084 quod
546 3015 640 3085 poetro
660 3019 834 3083 sequuntur3
855 3009 892 3065 de

101 3124 162 3183 qno
177 3105 235 3167 ulio
246 3103 315 3166 loco
327 3104 412 3182 plura
424 3105 483 3164 dici
493 3106 595 3164 solent
636 3105 695 3163 Sed
705 3116 766 3163 turn
779 3119 892 3161 servem
