2167 3609
479 371 523 420 DE
542 372 687 420 omens.
902 374 941 433 [L.
952 376 972 424 l.

190 519 300 578 militiae
326 530 523 590 sacrament03
553 519 631 595 quia,
652 520 748 596 priore
776 519 891 591 amisso,
912 520 977 596 jure

191 635 257 674 cunr
278 616 408 675 hostibus
425 634 556 694 pugnare
570 635 628 674 non
641 626 761 693 poterat.
803 617 888 674 Adeo
902 636 977 674 sum·

190 731 238 770 ma
247 722 309 771 erat
322 713 483 771 observatio
494 713 524 770 in
536 713 612 769 bello
623 713 773 771 movendo.
808 711 850 769 M.
860 713 977 789 quidem

191 808 311 866 Catonis
332 808 409 867 senis
429 808 552 884 epistola
570 818 613 865 est
634 808 669 866 ad
690 807 732 866 M.
748 809 848 877 filium,
869 809 900 865 iu
918 809 976 883 qud

160 905 315 980 bacripsit,
330 924 362 962 sc
383 905 507 975 audisse,
521 923 588 961 eum
609 905 727 962 missum
749 905 856 962 factum
876 923 938 962 esse
959 924 976 962 a

118 1067 121 1076 y
192 1001 319 1072 consule,
335 1000 446 1058 cumin
467 999 643 1058 Macedonia
663 1000 781 1059 Persico
800 1001 876 1058 bello
893 1001 976 1059 miles

191 1106 274 1154 esset
309 1095 411 1153 Monet
422 1096 519 1172 igitur,
529 1106 561 1152 ut
572 1105 681 1167 caveat,
690 1114 727 1152 ne
737 1096 868 1171 proelium
880 1096 974 1154 ineat:

191 1202 278 1269 negat
291 1193 369 1250 enim
386 1192 433 1268 jus
451 1210 524 1263 esse,
539 1192 588 1266 qui
602 1191 685 1249 miles
705 1211 764 1249 non
785 1192 833 1264 sit,
846 1210 975 1269 pugnare

191 1307 257 1346 cum
272 1288 362 1345 hoste.

146 1493 176 1542 10
230 1478 300 1537 XII.
328 1479 470 1555 Equidem
485 1480 555 1538 illud
570 1480 656 1539 etiarn
672 1469 875 1554 animadverto,
887 1482 975 1556 quod,

191 1576 239 1653 qui
256 1577 373 1652 proprio
386 1577 503 1635 nomine
516 1577 673 1653 perduellis
686 1588 771 1649 esset,
786 1578 811 1635 is
824 1578 914 1636 hostis
927 1598 976 1636 vo·

192 1683 314 1744 caretur,
332 1673 450 1730 lenitate
473 1674 551 1731 verbi
572 1674 717 1732 tristitiam
740 1675 782 1731 rei
806 1675 973 1752 mitigatam.

192 1767 293 1826 Hostis
307 1769 394 1841 enim,
410 1769 485 1844 apud
498 1770 621 1846 majores
635 1780 760 1841 nostros,
776 1770 801 1827 is
814 1771 974 1843 dicebatur,

192 1882 276 1939 quem
295 1882 374 1923 nunc
389 1865 571 1941 peregrinum
585 1865 717 1941 dicimus.
758 1865 892 1924 Indicant
905 1867 976 1925 duo·

146 1976 175 2024 15
192 1960 285 2017 decim
309 1960 429 2019 tabulae:
461 1967 480 1994 “
493 1971 541 2019 aut
568 1971 658 2019 status
681 1961 743 2019 dies
769 1980 835 2019 cunr
863 1962 972 2021 hoste.’'

191 2055 331 2132 Itemque,
347 2057 512 2115 “adversus
533 2058 645 2115 hostem
665 2067 772 2117 aeterna
790 2059 972 2117 auctoritas.'’

190 2153 273 2215 Quid
288 2154 413 2212 adhunc
428 2155 678 2213 mansuetudinem
694 2154 760 2212 addi
773 2157 887 2231 potestl
907 2174 974 2213 eum

192 2250 309 2325 quicum
319 2252 424 2309 bellum
434 2270 526 2329 geras,
535 2261 594 2309 tam
604 2252 683 2309 molli
694 2251 810 2309 nomine
820 2252 973 2328 appellarit

190 2346 367 2422 Quanquam
382 2348 410 2405 id
425 2367 531 2405 nomen
541 2348 642 2406 durius
652 2349 711 2424 jam
726 2348 821 2406 effecit
832 2357 973 2407 vetustas:

142 2453 174 2502 20
192 2460 209 2499 a
226 2443 379 2519 peregrino
399 2443 476 2500 enim
496 2443 626 2511 recessit,
640 2454 670 2500 et
689 2443 802 2520 proprie
821 2442 850 2499 iu
865 2460 909 2513 eo,
923 2445 974 2519 qui

191 2556 269 2595 uma
282 2547 383 2595 contra
397 2538 491 2610 ferret,
507 2539 651 2596 remansit.

229 2633 303 2691 Cum
314 2653 381 2692 vero
395 2633 431 2691 de
442 2634 562 2710 imperio
573 2635 745 2704 decertatur,
756 2634 888 2710 belloque
898 2656 975 2712 quae·

188 2734 261 2789 ritur
274 2730 374 2809 gloria,
384 2750 486 2790 causas
496 2731 615 2789 omnino
626 2733 742 2791 subesse
753 2744 849 2790 tamen
860 2742 974 2808 oportet

188 2827 314 2900 easdem,
329 2845 400 2904 quas
418 2825 477 2884 dixi
498 2827 584 2903 paulo
604 2837 670 2886 ante
685 2826 777 2903 jtrstas
793 2846 895 2886 causas
908 2845 973 2887 esse
1013 2845 1015 2852 ¹

141 2925 173 2975 25
189 2922 336 2982 bellorum.
378 2923 493 2981 Sedes
514 2922 599 2995 bella,
621 2923 725 2999 quibus
748 2923 860 3000 imperii
880 2923 973 3001 gloria

187 3020 406 3096 propositarum,
428 3019 523 3077 minus
551 3022 654 3078 acerbe
678 3021 805 3097 gerenda
817 3030 891 3079 sunt.
932 3018 972 3078 Ut

188 3116 275 3194 enim,
289 3136 357 3178 cum
374 3117 431 3178 civi
453 3117 534 3178 uliter
556 3117 769 3193 contendimus,
782 3118 806 3179 si
820 3127 864 3178 est
877 3116 972 3176 inimi·
