2167 3609
109 382 138 428 u.
149 381 193 441 u]
402 383 446 429 ns
465 381 612 431 ot'Flctts.
908 378 949 438 97

6 525 7 568 t
110 529 225 601 anime,
247 528 454 606 percipiantur,
476 550 526 589 eas
547 550 602 589 nos
622 531 704 590 nullo
724 533 819 606 modo,
838 534 902 593 sine

109 627 261 684 hominum
285 646 373 686 mauu
401 639 486 703 utque
511 628 609 704 operi,
634 648 738 706 cepere
763 631 899 708 potuisse.

107 723 171 785 Qui
194 723 322 799 denique
344 743 381 781 ex
404 725 504 783 bestiis
525 725 646 798 fruetus,
669 738 719 784 sut
739 747 802 804 que
824 747 902 786 eom·

108 821 245 892 meditus,
266 821 323 878 nisi
347 821 478 878 homines
501 823 677 899 adjuvarent,
700 824 810 900 percipi
839 844 903 901 pos·

107 919 172 974 set?
201 936 270 975 num
290 927 320 975 et
340 919 389 993 qui
415 919 562 995 principes
589 920 754 978 inveniendi
775 922 932 995 suerunt,5

107 1033 195 1088 quem
214 1033 251 1070 ex
265 1016 380 1090 quique
393 1015 489 1073 heliud
510 1036 595 1074 usum
615 1018 721 1075 habere
740 1036 899 1093 possemus,

107 1110 243 1167 homines
265 1122 345 1169 certe
366 1112 500 1170 fuerunt:
530 1131 586 1170 nee
608 1114 664 1170 hoe
684 1123 823 1190 tempore,
839 1115 902 1172 sine

108 1205 258 1264 hominum
285 1208 383 1283 operi,
409 1219 458 1266 aut
482 1227 602 1285 pascere
625 1228 674 1267 ees
701 1219 751 1267 eut
774 1210 900 1282 domare,

108 1314 158 1361 eut
185 1304 272 1374 tueri,
300 1315 349 1361 eut
376 1305 560 1380 tempestivos
587 1305 697 1365 fruetus
723 1325 760 1364 ex
785 1307 830 1364 his
854 1326 901 1365 ce·

105 1419 187 1476 pere,
219 1420 385 1476 possemus:
420 1403 456 1459 ub
489 1402 655 1477 eisdemque
688 1414 718 1460 et
750 1423 801 1475 ere,
835 1423 899 1479 que
915 1409 946 1459 10

106 1506 226 1569 nocent,
238 1497 464 1569 interficiuntur;
486 1508 524 1570 et,
536 1518 599 1573 quse
614 1499 678 1557 usui
691 1511 812 1576 possunt
825 1520 898 1573 esse,

107 1593 271 1668 capiuntur.

119 1689 231 1750 *Quid
258 1697 424 1747 enumerem
454 1690 558 1747 artium
585 1691 807 1765 multitudinem,
836 1692 898 1750 sine

105 1786 213 1861 quibus
227 1786 286 1843 vite
299 1786 418 1844 omnino
439 1786 518 1845 nulla
538 1807 602 1846 esse
621 1789 781 1864 potuisset?
820 1789 899 1851 Quis
923 1851 944 1870 κ

106 1884 187 1940 enim
215 1882 300 1959 aegris
335 1884 510 1962 subveniret,
544 1904 607 1959 quae
639 1896 714 1943 esset
745 1886 899 1945 oblectatio
915 1895 945 1944 15

106 1979 276 2050 valentium,
310 1980 359 2055 qui
386 1980 489 2052 vietus,
518 1992 567 2038 aut
602 1981 718 2039 eultusi
751 1982 808 2039 nisi
839 1992 899 2039 tem

107 2075 207 2132 muitae
235 2075 319 2132 nobis
344 2086 418 2133 artes
441 2077 653 2135 ministrarent:
686 2078 790 2152 quibus
813 2078 899 2135 rebus

106 2172 234 2243 exculta,
249 2172 399 2230 hominum
418 2173 477 2231 vitu
497 2183 609 2230 tautum
628 2173 715 2230 distat
735 2192 752 2230 a
771 2173 849 2229 victu
870 2184 900 2229 et

106 2269 190 2327 cuitu
218 2269 383 2326 bestiarum.
432 2269 527 2327 Urbes
554 2287 632 2341 vero,
660 2269 722 2325 sine
749 2268 899 2325 hominum

106 2375 197 2436 eoetu,
213 2382 272 2421 uon
293 2366 451 2440 potuissent
472 2383 528 2422 neo
550 2364 685 2422 edificari
699 2383 755 2421 nee
770 2364 900 2438 frequen·
913 2376 946 2425 20

7 2477 8 2488 ¹
105 2461 181 2519 tari:
217 2479 253 2518 ex
279 2480 337 2535 quo
363 2461 453 2539 leges,
477 2479 629 2536 moresque
643 2460 806 2531 constituti3
838 2470 899 2518 tum

104 2557 180 2634 juris
202 2575 284 2632 sequa
305 2557 470 2633 descriptio,
485 2568 621 2633 certeque
640 2558 753 2616 vivendi
773 2557 900 2634 discipli·

107 2673 165 2711 ne:
194 2672 267 2729 quas
287 2672 334 2710 res
354 2664 384 2711 et
404 2655 595 2714 mansuetudo
618 2656 778 2713 animorum
800 2672 899 2713 couse-

108 2758 188 2821 cuta,
211 2760 240 2807 et
262 2751 438 2808 verecundie
459 2760 517 2820 est;
549 2751 750 2826 effectumque,
772 2759 804 2808 ut
824 2760 899 2809 esset

107 2846 169 2904 vite
191 2846 346 2918 munitior;
379 2859 463 2921 atque
484 2857 525 2918 ut,
549 2847 644 2904 dando
666 2856 695 2903 et
719 2846 897 2922 accipiendo,
912 2855 946 2905 25

106 2943 313 3019 mutandisque
335 2943 520 3002 facultatibus
538 2954 568 3001 et
589 2943 756 3016 commodis,
774 2944 853 3002 nulli
867 2962 900 3001 re

106 3057 270 3119 egeremus.

346 3137 367 3194 9
