2167 3609
161 343 219 404 lto
495 352 541 402 uu
562 351 707 400 osricus.
901 352 999 414 runt

204 500 344 560 utrumvis
358 501 427 560 satis
440 511 485 559 est
493 521 500 572 ;
522 511 552 559 et
565 512 627 558 tum
641 501 708 573 hoc,
722 512 784 559 tum
798 500 879 569 illud,
894 503 999 579 proba·

205 599 292 657 bilius
305 599 428 671 videtur,
443 618 499 657 neo
512 611 653 675 preterea
666 599 821 673 quidquam
835 600 996 676 probabile.

245 697 292 754 Ac
305 697 429 773 primurn
443 696 590 754 Panaetius
604 696 633 753 in
648 697 705 753 hoc
727 696 927 754 defendendus
943 708 997 769 est,
1071 765 1072 770 ἵ

206 794 282 869 quod
296 812 355 850 nou
370 793 452 850 utilia
466 811 532 850 cum
547 792 676 849 honestis
696 812 824 869 pugnare
843 793 999 867 aliquando

176 899 290 968 5posse
310 891 414 949 dixerit
436 890 543 968 (neque
563 891 641 947 enim
662 890 690 947 ei
711 890 754 947 fas
774 893 860 970 erat),
878 892 930 948 sed
951 910 997 962 ea,

206 1008 270 1063 quar
290 988 454 1045 viderentur
474 987 563 1045 utilia.
611 986 694 1043 Nihil
723 1005 790 1045 vero
815 988 896 1060 utile,
918 988 998 1063 quod

206 1105 265 1143 non
286 1085 363 1143 idem
384 1085 552 1154 honestum,
574 1083 646 1141 nihil
667 1084 830 1156 honestum,
844 1085 921 1160 quod
938 1104 997 1143 non

207 1183 294 1240 idemv
310 1182 381 1240 utile
404 1182 451 1252 sit,
472 1200 548 1257 saepe
568 1191 705 1240 testatur:
734 1191 886 1258 negatque,
908 1183 998 1239 ullam

207 1291 316 1355 pestem
344 1279 481 1354 majorem
505 1278 535 1336 in
556 1278 644 1336 vitam
671 1278 820 1335 hominum
847 1278 997 1348 invasisse,

162 1385 193 1435 10
207 1394 293 1450 quam
320 1393 418 1431 eorum
447 1375 612 1451 opinionem
645 1374 693 1450 qui
722 1374 776 1432 ista
803 1375 997 1433 distraxerint.

208 1472 309 1547 Itaque
329 1492 399 1544 non,
421 1482 452 1529 ut
475 1472 629 1547 aliquando
654 1482 891 1547 anteponeremus
915 1472 999 1529 utilia

208 1570 346 1640 honestis,
368 1569 418 1627 sed
443 1579 474 1626 ut
498 1589 533 1626 ea
556 1569 619 1626 sine
642 1586 739 1626 errore
763 1569 997 1645 dijudicaremus,

208 1666 232 1723 si
253 1666 368 1740 quaudo
389 1666 568 1735 incidissent,
590 1665 703 1722 induxit
723 1684 797 1736 eam,
812 1685 875 1740 qum
889 1666 999 1723 videre·

208 1773 254 1819 tur
274 1781 348 1833 esse,
369 1782 428 1819 nou
449 1780 512 1837 quae
533 1772 619 1832 esset,
640 1762 867 1839 repugnantiam.
911 1762 999 1819 Hanc

163 1867 193 1916 15
209 1859 296 1936 igitur
321 1869 432 1934 partem
459 1860 590 1917 relictam
614 1859 801 1934 explebimus,
823 1859 930 1916 nullius
951 1860 999 1916 ad·

208 1957 364 2028 miniculis‚
379 1958 430 2013 sed
443 1956 490 2033 (ut
503 1956 623 2035 dicitur)
636 1955 731 2013 Marte
745 1966 851 2013 nostro.
893 1956 998 2031 Neque

208 2053 287 2111 enim
314 2054 469 2129 quidquam
490 2054 527 2110 de
548 2053 603 2110 hac
629 2063 720 2129 parte,
741 2063 806 2128 post
827 2053 998 2124 Panaetium,

209 2150 383 2226 explicatum
403 2160 457 2222 est,
479 2151 554 2224 quod
581 2149 696 2224 quidem
721 2149 792 2207 mihi
817 2149 998 2225 probaretur,

209 2235 246 2304 de
260 2247 295 2306 iis
309 2267 371 2321 quae
386 2247 416 2303 in
430 2266 533 2304 manus
547 2265 626 2304 meas
639 2256 788 2304 venerunt.

162 2447 195 2495 20
248 2440 332 2497 VIII.
364 2440 438 2497 Cum
473 2440 560 2516 igitur
595 2440 690 2515 aliqua
722 2439 834 2516 species
867 2440 999 2498 utilitatis

208 2537 322 2613 objecta
343 2546 395 2607 est,
417 2537 591 2593 commoveri
619 2556 739 2594 necesse
765 2547 816 2595 est.
872 2538 931 2595 Sed
964 2537 999 2608 si,

201 2635 276 2690 'curn
312 2632 439 2690 animum
474 2633 640 2703 attenderis,
667 2633 874 2709 turpitudinem
902 2634 1000 2691 videas

210 2730 374 2805 adjunctam
389 2729 416 2786 ei
430 2729 473 2787 rei
487 2750 550 2804 quae
564 2730 690 2805 speciem
709 2729 841 2787 utilitatis
856 2731 998 2801 attulerit;

209 2835 271 2882 tum
282 2845 349 2887 ,non
371 2825 480 2883 utilitas
498 2825 688 2901 relinquenda
701 2836 754 2897 est,
770 2827 820 2883 sed
840 2826 1001 2903 intelligen-

163 2927 196 2976 25
210 2921 289 2991 dum,
310 2922 361 2979 obi
381 2921 528 2997 turpitudo
548 2922 594 2994 sit,
616 2922 657 2980 ibi
677 2922 829 2980 utilitatem
851 2942 915 2980 esse
943 2942 1000 2982 non

209 3035 302 3093 posse.
342 3017 433 3079 Quod
454 3011 486 3076 si‘
499 3018 571 3075 nihil
593 3030 637 3076 est
656 3029 714 3077 tam
735 3029 837 3078 contra
858 3030 1001 3091 naturam,

210 3130 296 3189 quam
322 3114 469 3189 turpitudo
498 3114 593 3191 (recta
618 3116 707 3190 enim,
731 3125 761 3175 et
786 3115 1002 3189 conuenientia,
