2167 3609
144 350 201 408 158
475 359 519 405 nu
541 358 686 405 osricus.
881 355 978 416 [nm

188 507 297 564 scelere
318 507 531 565 contaminent:
560 506 590 564 in
615 505 676 582 ipsit
697 505 775 563 enim
796 504 977 563 dubitatione

189 603 301 660 lacinus
328 603 412 674 inest,
439 603 553 660 etiamsi
580 604 616 661 ad
643 603 672 660 id
698 622 756 660 non
782 602 976 678 pervenerint.

188 699 267 776 Ergo
281 719 317 757 ea
329 700 514 758 deliberanda
531 700 650 757 omniuo
665 719 723 757 non
737 708 813 771 snut,
829 699 858 755 in
872 700 979 776 quibus

156 812 158 816 ’
188 807 232 853 est
258 798 348 872 turpis
376 797 437 873 ipsa
462 796 640 853 deliberatio.
691 796 788 871 Atque
815 796 912 868 etiam,
940 813 977 854 ex
1072 785 1074 791 Α

155 892 265 951 oomni
286 893 502 964 deliberatione,
523 892 637 950 celandi
664 902 693 949 et
719 892 886 949 occultandi
910 911 978 967 spes

188 989 342 1064 opinioque
362 989 535 1046 removenda
555 997 605 1045 est.
647 988 725 1044 Satis
745 988 821 1045 enim
837 988 922 1045 nobis
937 987 977 1065 (si

188 1086 274 1142 modo
288 1085 317 1142 in
332 1085 512 1162 philosophiis
533 1085 639 1159 aliquid
657 1085 846 1164 proiecimus)
859 1103 978 1160 persua-

188 1201 251 1238 sum
278 1201 341 1240 esse
368 1183 462 1252 debet,
491 1182 515 1238 si
543 1200 643 1238 omnes
677 1181 757 1239 Deos
787 1182 979 1256 hominesque

189 1278 283 1334 celare
299 1279 449 1354 possimus,
464 1278 536 1334 nihil
551 1288 647 1335 tamen
665 1297 758 1350 avare,
773 1278 844 1335 nihil
859 1278 977 1354 injuste,

142 1386 173 1435 10
188 1374 260 1430 nihil
274 1374 443 1446 libidinose,
459 1374 530 1431 nihil
553 1375 776 1447 incontinenter,
791 1394 854 1432 esse
869 1374 980 1433 sacien-

189 1471 265 1528 dum.

228 1664 281 1723 IX.
304 1664 383 1722 Hinc
398 1665 445 1722 ille
455 1666 553 1741 Gyges
568 1665 714 1722 inducitur
729 1684 746 1723 a
759 1664 877 1723 Platone
886 1685 893 1735 ;
916 1665 979 1741 qui,

189 1780 255 1817 cum
280 1772 356 1819 terra
382 1762 562 1819 discessisset
588 1762 701 1839 magnis
727 1762 898 1837 quibusdam
925 1763 979 1819 im·

188 1857 296 1928 bribus,
321 1857 350 1914 in
378 1858 459 1914 illum
487 1859 597 1916 hiatum
624 1858 783 1929 descendit,
808 1875 977 1934 aeneumque

142 1967 172 2015 15
188 1972 294 2028 equum
320 1953 365 2030 (ut
393 1954 488 2012 ferunt
515 1955 632 2034 labulae)
659 1954 867 2027 animadvertit,
893 1955 980 2032 cujus

188 2050 218 2107 in
232 2050 368 2107 lateribus
383 2051 459 2108 fores
472 2063 585 2121 essent;
607 2052 710 2125 quibus
725 2052 837 2127 apertis,
850 2051 978 2109 bominis

188 2148 291 2205 mortui
311 2147 383 2205 vidit
403 2167 507 2224 corpus
533 2147 731 2225 magnitudine
760 2149 906 2220 inusitati,
929 2168 978 2206 an·

188 2245 344 2319 nulumque
366 2265 484 2303 aureum
504 2246 534 2303 in
555 2245 663 2322 digito:
684 2265 769 2321 quem
791 2256 821 2302 ut
839 2245 976 2317 detraxit,

188 2341 249 2417 ipse
270 2342 379 2399 induit:
402 2342 478 2420 (erat
498 2352 593 2399 autern
614 2342 711 2419 regius
730 2342 840 2421 pastor)
862 2355 924 2401 tum
945 2343 977 2399 in

140 2453 172 2502 20
189 2439 344 2496 concilium
365 2445 511 2513 pastorum
526 2458 557 2496 se
570 2439 687 2514 recepit.
729 2438 784 2510 Ibi,
800 2457 865 2495 cum
881 2439 977 2515 palam

188 2533 250 2609 ejus
265 2534 361 2591 annuli
377 2535 412 2591 ad
425 2534 548 2610 palmam
570 2544 759 2605 converterat,
776 2534 886 2591 anullo
899 2534 978 2591 vide·

188 2631 287 2700 batur;
309 2630 369 2706 ipse
390 2641 484 2687 autem
506 2631 604 2688 omnia
624 2631 754 2688 videbat:
780 2630 856 2687 idem
877 2650 978 2688 rursus

188 2726 346 2796 videbatur,
371 2745 438 2783 cum
466 2727 495 2783 in
521 2727 619 2783 locum
648 2726 785 2783 annulum
812 2726 977 2784 inverterat.

188 2820 297 2896 Itaque,
319 2823 374 2878 bac
400 2822 612 2897 opportunitate
640 2822 738 2879 annuli
767 2842 843 2890 usus,
869 2823 978 2899 reginae

141 2930 173 2979 25
188 2925 317 2990 stuprum
340 2917 450 2988 intulit;
479 2918 571 2991 eaque
596 2918 734 2994 adjutrice
762 2937 858 2995 regem
886 2919 979 2976 domi·

188 3029 257 3068 num
282 3010 442 3083 interemit;
470 3014 650 3090 sustulitque,
672 3033 743 3089 quos
765 3015 879 3073 obstare
905 3014 979 3072 arbi·

188 3106 332 3165 trabatur:
353 3127 408 3167 nec
427 3109 457 3167 in
476 3110 521 3168 his
541 3129 607 3169 eum
627 3111 778 3187 quisquam
799 3111 979 3171 facinoribus
