2167 3609
143 344 164 403 8
477 352 520 399 us
545 352 691 399 osricus.
903 358 943 420 μ,
954 361 976 409 1,

188 500 253 557 dem
272 500 434 577 aprincipe
455 501 539 579 hujus
560 502 652 560 aetatis
671 498 925 579 philosophorum
946 511 978 561 et

188 597 293 669 disces,
307 599 444 672 quamdiu
457 599 553 657 voles:
575 600 684 656 tamdiu
699 609 794 655 autem
805 598 877 655 velle
890 599 978 663 debe-

187 692 241 764 bis,
256 694 350 768 quoad
370 705 409 766 te,
423 705 562 770 quantum
578 695 723 771 proficias,
737 679 795 751 non
815 694 975 769 poenitebit.

188 789 247 845 Sed
267 801 364 847 tamen
384 801 483 848 nostra
496 792 607 869 legens,
622 811 681 849 non
695 792 816 849 multum
831 811 847 848 a
860 791 977 866 Peripa·

157 885 283 943 stetieis
297 887 467 945 dissidentia
481 887 631 965 (quoniam
646 889 768 963 utrique,
782 898 811 944 et
832 887 976 945 Socratici

187 992 216 1038 et
238 982 392 1056 Platonici,
407 1003 470 1041 esse
484 984 641 1062 volumus),
657 984 693 1039 de
709 986 795 1041 rebus
810 984 879 1059 ipsis
892 983 975 1041 utlrre

187 1088 238 1136 tuo
256 1079 387 1155 judicio:
409 1081 481 1138 nihil
496 1081 575 1136 euim
588 1080 730 1154 impedio:
753 1080 913 1137 orationem
928 1100 974 1138 au·

187 1184 246 1232 tem
266 1175 400 1233 Latinam
420 1176 560 1252 profectu,
582 1175 712 1252 legendis
732 1176 847 1247 nostris,
866 1177 976 1233 efficies
1037 1209 1044 1221 ·

186 1272 355 1347 pleniorem.
397 1272 464 1329 Nec
490 1290 559 1329 vero
588 1283 753 1349 arroganter
781 1273 837 1329 hoc
864 1273 974 1330 dictum

144 1372 173 1421 10
188 1368 344 1425 existimari
358 1369 451 1425 velim.
493 1368 571 1425 Nam
588 1368 809 1444 philosophandi
824 1369 975 1426 scientiam

188 1465 351 1522 concedens
372 1464 486 1536 multis3
515 1465 592 1540 quod
612 1476 655 1523 est
675 1466 796 1522 oratoris
815 1465 974 1541 proprium,

189 1570 263 1636 apte,
278 1559 424 1632 distincte,
440 1572 595 1637 ornateque
616 1561 723 1631 dicere,
738 1562 872 1636 quoniam
893 1560 924 1617 iu
938 1579 975 1618 eo

188 1656 284 1715 studio
296 1667 408 1714 aetatem
420 1658 595 1733 consumpsi,
605 1658 629 1715 si
641 1658 670 1714 id
681 1658 751 1715 mihi
764 1677 887 1730 assumo,
898 1657 976 1715 vide·

187 1772 219 1813 or
234 1753 263 1811 id
278 1773 342 1811 meo
354 1755 418 1831 jure
432 1755 556 1829 quodam
571 1755 658 1812 modo
672 1754 828 1811 vindicare.
996 1817 999 1821 Δ

143 1852 175 1901 15
227 1849 427 1912 Quamobrem
436 1869 610 1927 magnopere
619 1861 647 1907 te
656 1851 763 1920 hortor,
774 1849 935 1922 miCicero,
943 1860 975 1908 ut

189 1964 248 2005 non
259 1947 352 2004 solum
362 1946 508 2003 orationes
519 1965 608 2017 meas,
616 1946 666 2003 sed
678 1947 730 2002 hos
739 1945 826 2002 etiam
837 1945 875 2002 de
883 1946 976 2021 philo-

190 2043 292 2119 sophia
302 2044 400 2115 libros,
409 2043 457 2119 qui
466 2044 524 2119 jam
536 2042 599 2100 illas
611 2043 669 2100 sere
679 2043 838 2116 aequarunt,
848 2043 974 2100 studiose

189 2139 277 2217 legas.
319 2140 372 2197 Vis
386 2140 463 2198 euim
477 2139 595 2196 dicendi
614 2138 703 2215 major
717 2148 760 2194 est
778 2138 808 2196 in
828 2139 902 2197 illis:
923 2139 974 2196 sed

190 2238 247 2296 hoc
255 2256 368 2313 quoque
378 2236 531 2294 colendum
543 2245 586 2292 est
598 2235 737 2310 aequabile
748 2246 777 2292 et
785 2245 975 2310 temperatum

143 2335 330 2393 sacrationis
357 2353 456 2411 genus.
498 2333 536 2390 Et
564 2332 592 2389 id
617 2332 732 2408 quidem
759 2331 867 2389 nemini
890 2330 974 2388 video

188 2430 356 2487 Grnoorum
379 2430 472 2486 adhuc
493 2429 659 2503 contigisse,
675 2438 706 2486 ut
720 2428 797 2484 idem
810 2438 930 2503 utroque
944 2427 976 2485 in

190 2542 295 2602 genere
315 2524 466 2595 laboraret,
482 2533 704 2599 sequereturque
723 2533 752 2580 et
772 2523 842 2580 illud
862 2523 976 2582 forense

190 2620 316 2692 dicendi,
331 2630 360 2676 et
381 2619 443 2676 hoc'
457 2619 584 2694 quietum
605 2619 770 2695 disputandi
791 2639 897 2696 genus3
918 2619 975 2677 nisi

190 2716 263 2774 forte
281 2715 445 2773 Demetrius
459 2716 615 2773 Phalereus
629 2715 659 2772 in
674 2715 728 2773 hoc
742 2734 862 2772 numero
876 2716 975 2773 haberi

144 2822 293 2889 25p'otest,
314 2812 472 2888 disputator
498 2812 620 2883 subtilis,
643 2822 738 2869 orator
763 2831 864 2887 parurn
890 2813 976 2869 rehe-

190 2927 290 2979 mens;
319 2895 413 2966 dulcis
436 2920 550 2979 tamen3
581 2918 613 2964 ut
633 2907 826 2983 Theophrasti
851 2907 976 2983 discipu·

190 3005 250 3063 lum
267 3005 359 3082 possis
380 3024 544 3083 agnoscere.
585 3004 649 3063 Nos
670 3013 764 3061 autem
785 3014 923 3079 quantum
943 3004 974 3061 in

191 3111 310 3180 utroque
342 3102 558 3181 profecerimus,
574 3129 577 3134 >
593 3102 714 3162 aliorum
746 3101 785 3160 sit
814 3099 973 3180 judiciumr
