2167 3609
69 366 138 426 aa]
371 360 414 408 oa
434 359 581 409 osmcns.
873 351 914 408 47

70 517 129 567 tem
146 509 280 577 afferunt,
292 508 341 583 qui
355 510 445 586 togati
458 509 624 585 reipublioae
634 519 769 586 praesunt,
779 527 865 585 quam

70 607 119 682 qui
134 608 243 664 bellum
255 617 368 684 gerunt.
409 606 522 682 Itaque,
533 626 633 665 eorum
645 608 768 665 oonsilio
778 625 864 684 saepe,

71 713 121 761 aut
142 723 203 760 non
224 715 369 779 suscepta,
386 713 434 760 sut
455 705 589 762 confecta
609 705 685 762 bella
705 715 781 776 sunt,
796 724 866 762 non·

69 819 220 875 nunquam
242 800 329 857 etiam
351 800 448 872 illata3
476 811 517 873 ut,
540 800 582 858 M.
605 801 734 873 Catonis,
758 800 865 859 bellum

68 898 190 954 tertium
213 897 375 967 Punicum3
390 921 391 924 ¹
407 897 437 954 in
460 916 517 973 quo
540 897 626 955 etiam
649 897 755 955 mortui
778 898 898 955 valuit5
989 931 994 946 ·

70 994 241 1051 auotoritas.
283 993 386 1055 Quare
406 995 569 1069 expetenda
587 994 703 1070 quidem
717 993 809 1071 magis
823 1003 867 1050 est

69 1090 252 1147 decernendi
262 1090 346 1161 ratio,
358 1110 442 1165 quam
458 1090 626 1147 decertandi
641 1089 794 1147 fortitudo:
816 1088 866 1146 sed

69 1187 247 1258 cavendum,
262 1206 299 1243 ne
314 1187 342 1244 id
357 1187 484 1245 bellandi
497 1186 589 1264 magis
604 1186 682 1264 fuga,
692 1206 778 1262 quam
793 1185 868 1244 utili·

70 1284 140 1340 tatis
154 1283 278 1355 ratione,
293 1283 442 1342 faciamus.

111 1380 230 1437 Bellum
253 1390 349 1437 autem
371 1380 411 1437 ita
432 1379 615 1455 suscipiatur,
630 1389 663 1437 ut
683 1380 755 1438 nihil
779 1379 867 1452 aliud,
883 1386 914 1436 lo

70 1477 129 1534 nisi
150 1495 209 1552 pax
231 1476 351 1550 quaesita
369 1476 508 1533 videatur.
549 1476 646 1534 Fortis
668 1496 736 1534 vero
756 1488 785 1535 et
799 1496 869 1535 oon·

71 1563 177 1629 stantis
198 1582 252 1643 est,
267 1590 326 1628 non
346 1572 508 1646 perturbari
529 1572 559 1629 in
581 1574 665 1630 rebus
680 1573 797 1648 asperis
812 1592 868 1630 neo

71 1669 301 1725 tumultuantem
326 1668 362 1725 de
385 1669 476 1745 gradu
500 1669 598 1746 dejici,
620 1679 651 1726 ut
671 1669 795 1740 dicitur3
817 1669 868 1727 sed

71 1765 227 1841 praesentis
243 1764 330 1821 animi
345 1765 387 1822 uti
402 1766 536 1837 oonsilio,
550 1785 607 1823 neo
622 1786 638 1823 a
651 1766 763 1823 ratione
777 1766 869 1824 disoe-

73 1863 153 1919 dere.
195 1861 372 1937 Quanquam
387 1864 444 1919 hoo
459 1863 557 1935 animi,
573 1863 643 1920 illud
658 1864 743 1921 etiam
760 1864 868 1941 ingenii
884 1873 915 1922 15

74 1959 175 2038 magni
196 1970 250 2031 est,
268 1959 425 2034 precipere
446 1961 621 2036 cogitatione
643 1960 749 2033 sutura,
770 1971 799 2018 et
820 1961 870 2018 ali·

74 2067 185 2133 quanto
201 2065 267 2112 ante
282 2056 470 2114 constitutere
490 2056 558 2130 quid
581 2057 714 2113 accidere
733 2058 824 2132 possit
838 2058 868 2115 in

74 2163 230 2225 utramque
257 2161 384 2227 partem;
413 2161 452 2223 et,
475 2151 544 2226 quid
567 2152 709 2227 agendum
734 2152 779 2223 sit,
803 2170 870 2208 oum

74 2247 144 2323 quid
167 2248 312 2317 evenerit3
334 2267 389 2305 neo
404 2247 595 2318 committere,
610 2256 641 2303 ut
661 2247 815 2321 aliquando
828 2247 871 2304 di·

75 2343 203 2401 cendum
226 2344 272 2416 sit,
288 2343 386 2402 “Non
399 2344 560 2419 putdram.''
602 2341 676 2399 Haeo
696 2352 763 2399 sunt
783 2362 870 2419 opera
884 2361 917 2411 20
1009 2371 1015 2380 ·

75 2440 177 2518 magni
193 2440 281 2497 animi
302 2450 331 2497 et
348 2438 465 2510 excelsi,
481 2447 509 2495 et
522 2437 675 2515 prudentie
690 2438 869 2513 consilioque

75 2538 202 2595 fidentis.
245 2535 370 2592 Temere
386 2545 480 2592 autem
496 2535 525 2591 in
541 2535 604 2592 aoie
614 2535 731 2607 versari,
743 2548 771 2592 et
783 2555 870 2595 manu

77 2653 145 2692 oum
162 2633 246 2689 hoste
260 2630 427 2707 confligere,
438 2630 563 2688 immane
574 2631 708 2706 quiddam
720 2642 749 2689 et
765 2633 870 2690 bellua·

75 2750 141 2787 rum
157 2728 252 2786 simile
266 2738 317 2784 est.
360 2727 429 2798 Sed,
445 2746 512 2784 oum
527 2738 641 2802 tempus
655 2730 869 2804 necessitasque

74 2826 214 2903 postulat,
227 2823 434 2881 decertandum
448 2842 535 2879 manu
547 2833 600 2895 est,
612 2834 641 2880 et
651 2843 726 2882 mors
739 2825 869 2883 servituti
885 2836 917 2885 ᾖ

75 2921 309 3004 turpitudinique
325 2920 532 2994 anteponenda.

113 3116 233 3179 XXIV.
256 3113 303 3173 De
329 3114 492 3172 evertendis
521 3125 617 3173 autem
645 3115 871 3192 diripiendisque
