2167 3609
113 375 200 435 nn]
410 375 453 422 nr:
475 374 622 423 orrrcrrs.
900 361 958 424 129

114 525 225 597 tenuis,
245 543 324 596 enm,
337 524 477 600 quidquid
497 524 606 582 sactum
619 497 674 595 ¹sit,
688 541 720 581 se
740 495 910 600 speetatum,

116 642 179 680 non
214 623 370 694 fortunam,
397 631 488 699 putet,
515 640 575 679 non
608 620 695 679 modo
722 620 765 679 illi
791 620 840 696 qui
867 629 911 677 est

117 719 250 791 meritus,
265 719 418 776 sedetiam
433 719 489 776 illis
504 739 521 776 a
534 719 638 794 quibus
660 727 816 794 exspectat,
832 718 912 795 (eget

9 803 11 812 Α
111 818 198 875 ⁴enirn
218 816 332 896 multis)
354 826 467 892 gratum
488 835 519 872 se
539 815 631 873 videri
651 817 755 873 studet.
807 815 912 891 Neque

118 932 188 971 vero
214 913 311 971 verbis
338 923 425 990 auget
451 931 535 971 suurn
562 931 679 984 munus,
703 912 728 969 si
755 930 813 987 quo
839 912 945 970 forte5

111 1011 262 1088 iungitur,
290 1011 341 1068 sed
370 1010 458 1068 etiam
491 1018 635 1067 extenuat.
690 1009 913 1084 Videndumque

118 1108 191 1167 illud
224 1120 277 1180 est,
306 1108 392 1183 quod,
420 1108 445 1165 si
478 1107 646 1183 opulentum
681 1106 914 1181 fortunatumque

111 1206 296 1277 defenderim
311 1206 341 1263 in
363 1206 412 1263 illo
432 1224 500 1276 uno,
517 1215 566 1262 aut
586 1204 660 1262 forte
679 1204 709 1261 in
729 1203 828 1261 liberis
842 1203 913 1280 ejus,

118 1312 220 1361 manet
233 1303 342 1380 gratia:
364 1303 409 1360 sin
424 1312 520 1359 autem
534 1302 661 1378 inopem,
675 1301 797 1377 probum
818 1311 914 1358 tamen

118 1410 150 1458 et
163 1399 338 1471 modestum,
354 1418 456 1457 omnes
475 1418 534 1456 non
556 1399 679 1475 improbi
700 1398 823 1455 humiles
838 1397 915 1474 (quae
932 1400 962 1451 1⁰

118 1516 228 1575 magna
248 1497 279 1555 in
299 1496 405 1572 populo
426 1497 582 1554 multitudo
602 1497 659 1575 est)
674 1496 839 1572 presidium
859 1494 915 1551 sibi

110 1606 254 1672 paratum
275 1594 382 1652 vident.
422 1593 622 1656 Quamobrem
644 1593 748 1650 meiius
770 1592 845 1668 apud
867 1593 916 1648 bo·

119 1711 187 1764 nos,
201 1709 288 1768 quam
308 1691 384 1768 apud
402 1691 574 1764 fortunatos,
589 1690 763 1748 beneficium
777 1688 915 1748 eolloeari

110 1800 201 1866 puto.

161 1886 269 1945 Danda
294 1886 413 1945 omnino
440 1895 609 1963 operaest,
636 1895 670 1942 ut
702 1886 781 1943 omni
816 1884 915 1963 generi
932 1890 966 1939 15*

119 1984 290 2043 satisfacere
309 1984 460 2059 possimus.
502 1984 572 2054 Sed,
594 1983 684 2041 sires
706 1982 735 2039 in
757 1983 917 2040 eontentio·

38 2069 43 2082 ⁸
119 2100 189 2139 nem
214 2081 321 2152 veniet,
343 2079 478 2138 nimirum
502 2079 720 2137 Themistocles
743 2089 788 2136 est
815 2090 915 2137 auctor

120 2177 320 2246 adhibendus3
342 2177 401 2253 qui,
416 2195 482 2235 oum
504 2177 714 2245 consuleretur,
729 2185 823 2232 utrum
839 2177 916 2231 bono

118 2277 184 2333 viro
210 2274 342 2352 pauperi,
372 2294 407 2332 an
435 2274 532 2331 minus
560 2273 682 2350 probato
709 2272 800 2342 diviti,
828 2272 916 2328 filiam

118 2373 295 2443 collocaret3
324 2371 418 2448 “Ego
439 2372 536 2442 vero‚’'
560 2369 663 2444 inquit,
685 2368 791 2425 “malo
812 2369 915 2440 virum,
931 2374 963 2425 2⁰

118 2469 171 2545 qui
193 2469 319 2545 pecunii
340 2477 434 2546 egeat,
449 2486 535 2543 quam
557 2466 722 2543 pecuniam,
741 2486 804 2542 quae
826 2466 914 2524 viro.'’

119 2566 183 2623 Sed
207 2564 335 2640 corrupti
359 2582 453 2621 mores
477 2563 680 2639 depravatique
705 2573 771 2620 sunt
796 2562 915 2621 admira-

113 2662 203 2722 tione
230 2661 411 2731 divitiarum3
441 2680 562 2736 quarum
590 2661 758 2737 magnitudo
782 2660 851 2735 quid
879 2661 915 2718 ad

118 2777 357 2834 unumquemque
367 2758 498 2815 nostrirm
508 2758 654 2833 pertinet?
695 2757 780 2814 Illum
795 2758 914 2815 sortasse

119 2856 248 2932 adjuvat,
264 2856 313 2930 qui
334 2856 438 2913 habet:
460 2874 497 2912 ne
518 2855 548 2912 id
569 2854 684 2929 quidem
706 2874 834 2931 semper:
863 2856 912 2913 sed
929 2867 962 2917 25

119 2952 168 3011 fao
193 2953 311 3030 juvare:
342 2952 469 3010 utentior
497 2971 567 3010 sane
591 2952 643 3021 sit3
675 2951 822 3009 honestior
845 2971 913 3010 vero

117 3049 288 3126 quomodo‘t
341 3049 433 3112 Quod
453 3048 478 3106 si
498 3049 587 3106 etiam
613 3049 707 3106 bonus
728 3049 783 3106 erit
803 3049 855 3120 vir,
875 3066 913 3105 ne

107 3145 282 3227 ¹impediunt
301 3145 420 3221 divitie,
440 3164 498 3223 quo
517 3145 614 3204 minus
630 3145 755 3223 juvetur,
768 3145 856 3203 modo
874 3159 915 3201 ne
941 3189 944 3194 „
