2167 3609
102 337 186 400 amr
396 337 439 388 ns
459 337 606 388 ormena.
883 325 940 387 nc

101 488 304 564 persequimur
325 488 443 565 ingenio
464 506 499 546 ac
518 487 641 560 ratione,
655 486 800 565 graviores
817 496 894 557 suut,

103 605 191 660 quam
206 585 273 656 illae,
287 604 358 660 quas
371 584 487 642 viribus.
528 584 627 643 Prima
647 584 734 661 igitur
750 601 896 641 commen·

104 681 185 738 datio
210 681 403 757 proficiscitur
430 700 448 738 a
471 680 621 752 modestia,
643 691 704 739 tum
729 681 837 757 pietate
863 679 894 737 in

103 787 249 852 parentes,
270 786 332 832 tum
352 776 382 833 in
402 795 470 834 suos
494 776 702 833 benevolentiis.
744 775 894 833 Facillime

105 881 203 928 autem
217 881 247 928 et
261 872 291 928 in
304 872 441 946 optimam
460 883 571 947 partem
593 881 807 947 cognoscuntur
829 871 894 928 ado·
907 875 924 926 5

103 964 258 1038 lescentes,
281 969 330 1042 qui
353 988 384 1025 se
409 969 445 1025 ad
469 969 563 1025 claros
589 977 619 1025 et
643 967 786 1043 sapientes
807 966 893 1039 viros,

103 1063 180 1121 bene
200 1064 386 1122 consulentes
409 1065 586 1140 reipublicae,
608 1063 806 1121 contulerunt:
834 1061 895 1137 qui·

103 1157 228 1217 buscum
249 1160 273 1216 si
294 1160 457 1235 frequentes
484 1169 560 1230 sunt,
580 1158 746 1235 opinionem
773 1158 895 1215 afferunt

102 1256 222 1331 populo,
242 1273 343 1313 eorum
362 1256 423 1314 sore
443 1257 562 1329 similes,
577 1275 648 1331 quos
667 1255 723 1313 sibi
744 1254 798 1332 ipsi
819 1254 895 1312 dele-

102 1351 200 1427 gerint
215 1352 251 1408 ad
265 1351 443 1410 imitandum.
908 1360 939 1412 1⁰

143 1447 176 1504 P.
205 1446 311 1504 Rutilii
345 1448 580 1521 adolescentiam,
609 1450 644 1507 ad
673 1448 838 1524 opinionem
864 1457 893 1505 et

104 1542 280 1601 innocentiae
301 1555 330 1600 et
347 1544 420 1619 juris
434 1544 574 1615 scientie,
587 1544 620 1602 P.
636 1544 728 1603 Mucii
750 1562 894 1601 commen·
927 1589 931 1597 .

103 1638 183 1696 davit
210 1641 320 1697 domus.
362 1639 439 1697 Nam
468 1641 501 1700 L.
524 1641 641 1716 quidem
669 1640 800 1711 Crassus,
825 1658 893 1698 cum

103 1746 181 1792 esset
202 1735 356 1792 admodum
378 1736 556 1809 adolescens,
571 1756 630 1794 non
651 1737 766 1795 aliunde
783 1746 894 1795 mutua·

103 1841 151 1887 tus
171 1841 224 1902 est,
246 1832 297 1889 sed
317 1833 372 1889 sibi
393 1832 454 1908 ipse
473 1834 584 1909 peperit
604 1834 757 1892 maximam
776 1834 891 1891 laudem
907 1839 938 1889 15

102 1947 139 1984 ex
159 1928 209 1985 itta
223 1923 420 1986 'accusatione
443 1930 535 1987 nobili
559 1940 589 1987 et
611 1930 753 2007 gloriosi:
774 1939 813 2001 et,
835 1930 893 2005 qud

103 2033 196 2095 etate,
211 2023 261 2100 qui
281 2036 462 2098 exercentur,
476 2025 561 2082 laude
583 2027 657 2083 affici
678 2026 781 2097 solent,
796 2026 843 2103 (ut
856 2026 893 2083 de

101 2116 302 2177 Demosthene
329 2121 507 2198 accepimus)
536 2121 570 2178 ed
599 2131 681 2178 aetate
708 2121 741 2178 L.
770 2122 892 2179 Crassus

101 2213 239 2286 ostendit,
255 2214 283 2271 id
304 2216 386 2273 sein
406 2216 469 2274 soro
490 2217 598 2291 optime
615 2216 674 2292 jam
695 2216 799 2289 facere,
815 2216 892 2291 quod
916 2229 922 2245 '

101 2311 191 2367 etiam
205 2295 267 2368 tum
279 2322 391 2386 poterat
404 2312 483 2370 domi
498 2330 565 2369 cum
579 2312 664 2369 laude
678 2311 819 2369 meditari.
850 2311 852 2318 '
906 2326 938 2375 ao

141 2502 226 2561 XIV.
257 2504 326 2575 Sed,
354 2525 421 2563 cum
447 2504 553 2582 duplex
580 2504 652 2563 ratio
679 2504 717 2563 sit
743 2504 892 2578 orationis,

101 2618 224 2675 quarum
245 2600 276 2658 in
298 2601 386 2659 alteri
407 2619 501 2660 sermo
515 2603 561 2673 sit,
576 2602 606 2660 in
622 2602 710 2660 alterd
725 2601 891 2672 contenti03

101 2708 162 2753 non
183 2706 228 2753 est
246 2696 275 2753 id
296 2698 411 2773 quidem
432 2698 563 2770 dubium,
577 2699 647 2775 quin
666 2699 815 2756 contentio
831 2716 893 2755 ora·

100 2792 191 2850 tionis
214 2793 353 2868 majorem
376 2794 433 2853 vim
454 2795 559 2853 habeat
579 2797 615 2852 ad
636 2794 774 2872 gloriam:
795 2804 892 2852 esest

100 2889 190 2958 enim,
212 2908 298 2964 quam
319 2889 513 2965 eloquentiam
541 2891 673 2949 dicimus.
715 2891 774 2949 Sed
793 2901 890 2948 tamen
904 2898 936 2948 ‘25

101 2985 220 3042 difficile
241 2985 321 3042 dictu
341 2996 394 3057 est,
415 2999 591 3063 quantopere
615 2987 753 3044 conciliet
780 2987 891 3047 animos

100 3080 253 3141 hominum
273 3081 395 3143 comitas
415 3083 623 3160 affabilitasque
642 3084 791 3145 sermonis.
833 3082 891 3141 Ex·
