2167 3609
152 357 193 416 82
486 369 529 415 mr
554 369 699 417 osricus.
917 372 956 432 [a.
968 371 989 419 1.

196 525 227 573 et
254 515 396 590 facienda,
422 529 451 575 et
477 538 536 577 non
565 519 708 593 facienda,
732 530 762 578 et
785 522 932 593 mutanda,
957 532 989 579 et

198 613 369 690 corrigenda
383 629 457 672 sunt.

236 710 313 771 Quae
333 730 400 768 vero
424 730 504 769 more
526 722 659 789 aguntur,
680 713 875 788 institutisque
895 716 987 772 cirili-

198 806 261 878 bus,
283 806 318 863 de
340 807 375 864 iis
395 808 466 865 nihil
491 817 535 864 est
557 809 791 884 praecipiendum.
832 809 887 867 Illa
906 812 987 869 enim

169 902 261 979 5ipsa
279 914 421 979 praecepta
441 914 524 961 sunt:
546 923 602 962 nec
623 924 793 980 quemquam
815 906 987 964 hocerrore

197 1000 266 1057 duci
285 1011 406 1077 oportet,
421 1011 462 1072 ut,
477 1001 502 1058 si
521 1001 590 1076 quid
610 1001 744 1059 Socrates
759 1012 806 1059 aut
820 1002 987 1078 Aristippus

196 1106 299 1153 contra
319 1115 428 1153 morem
450 1097 746 1172 consuetudinemque
769 1097 883 1155 civilem
910 1099 987 1156 fece-
1081 1145 1082 1174 q

197 1192 265 1262 rint,
289 1193 413 1249 locutive
437 1193 504 1263 sint,
530 1192 605 1250 idem
631 1193 686 1250 sibi
712 1194 861 1251 arbitretur
885 1193 984 1252 licere.

199 1287 316 1364 Magnis
349 1289 390 1345 illi
417 1298 446 1345 ct
473 1290 577 1347 divinis
611 1290 694 1346 bonis
727 1289 803 1347 hanc
836 1290 986 1347 licentiam

153 1393 184 1441 10
200 1385 430 1457 assequebantur.
472 1385 649 1459 Cynicorum
674 1404 741 1443 vero
761 1386 835 1443 ratio
857 1397 918 1444 tota
941 1396 986 1443 est

120 1500 125 1509 ·
200 1480 361 1556 ejicienda:
391 1491 435 1538 est
463 1482 540 1539 enim
565 1482 684 1539 inimica
706 1483 896 1554 verecundiae,
921 1483 986 1539 sine

199 1577 255 1652 qua
269 1577 340 1633 nihil
354 1587 464 1634 rectum
479 1596 542 1634 esse
556 1588 657 1653 potest,
672 1579 743 1635 nihil
759 1578 918 1637 honestum.

237 1671 297 1729 Eos
319 1684 422 1745 autem,
444 1692 565 1748 quorum
586 1675 644 1730 rita
663 1685 814 1750 perspecta
840 1675 870 1731 in
897 1676 985 1731 rebus

198 1767 325 1827 honestis
352 1780 435 1844 atque
462 1770 575 1847 magnis
602 1780 655 1843 est,
677 1772 752 1827 bene
775 1770 812 1830 de
834 1771 985 1846 republica

153 1874 184 1923 15
199 1866 363 1937 sentientes,
386 1885 420 1923 ac
440 1867 513 1923 bene
534 1867 652 1923 meritos
673 1878 721 1924 aut
741 1877 893 1937 merentes,
907 1867 985 1923 sicut

199 1962 295 2036 aliquo
313 1963 420 2020 honore
439 1973 487 2019 aut
505 1963 626 2038 imperio
646 1964 771 2034 affectos,
789 1963 940 2020 observare
954 1973 985 2020 et

199 2060 293 2117 colere
313 2059 465 2129 debemus3
490 2059 616 2116 tribuere
636 2059 722 2115 etiam
743 2060 863 2116 multum
885 2078 985 2116 senec-

197 2154 269 2224 tuti;
304 2155 406 2212 cedere
440 2155 475 2212 iis
505 2155 555 2236 qui
589 2156 786 2230 magistratum
820 2155 983 2226 habebunt3

198 2250 304 2307 habere
324 2251 466 2308 delectum
489 2251 560 2308 ciris
583 2261 612 2308 et
638 2251 793 2327 peregrini,
814 2251 844 2308 in
864 2250 984 2326 ipsoque

151 2353 183 2403 20
197 2347 356 2423 peregrino,
384 2346 554 2420 privatimne
582 2366 618 2404 an
645 2346 760 2421 publice
787 2347 913 2404 venerit:
947 2346 984 2404 ad

197 2461 347 2508 summam,
374 2459 412 2497 ne
450 2460 531 2517 agam
566 2442 602 2499 de
634 2442 765 2519 singulis,
800 2461 984 2500 communem
1081 2437 1082 2442 ἵ

195 2537 285 2594 totius
305 2536 418 2613 generis
439 2536 587 2593 hominum
609 2538 844 2595 conciliationem
864 2548 894 2596 et
913 2556 985 2596 con·

197 2633 385 2690 sociationem
401 2633 506 2704 colere,
521 2634 606 2707 tueri,
620 2653 742 2706 servare,
757 2635 902 2692 debemus.

236 2823 331 2882 XLII.
356 2824 421 2883 lam
436 2827 471 2884 de
487 2828 614 2885 artificiis
628 2837 656 2884 et
669 2827 834 2902 questibus,
848 2827 897 2901 qui
911 2828 983 2885 libe·

150 2923 182 2973 25
196 2921 271 2977 rales
291 2921 425 2995 habendi,
440 2923 489 2998 qui
509 2923 617 2980 sordidi
637 2924 704 2994 sint,
719 2923 781 2980 hec
795 2923 855 2980 fere
870 2924 984 2999 accepi·
1081 2983 1082 2988 ,

195 3035 268 3076 mus.
309 3017 439 3078 Primum
465 3019 661 3096 improbantur
681 3020 703 3078 ii
722 3029 857 3096 questus,
879 3019 983 3096 quiin
